2600 4300
400 340 553 408 sevirum
570 336 843 424 assurgenti-'mul'
1011 337 1075 420 sits

150 518 288 580 lutiones
310 520 490 602 impendere
502 526 534 582 et
568 522 798 602 srticipsticucs
813 522 973 601 eiusmodi,
987 498 1083 604 qumi*

149 602 190 661 sit
210 603 332 683 passim
354 541 727 684 omniumtsffsmutem
748 604 872 685 haltere,
894 624 995 686 nsque
1016 605 1075 667 dis·

149 684 396 770 cunctatorem
417 694 470 749 aut
492 706 587 767 quare
608 686 781 765 absolvant.
878 741 880 749 .

233 768 281 829 lta
305 770 356 829 ue'
378 788 440 830 non
468 776 531 831 tum
560 771 768 839 necessarium
804 774 851 833 est
869 766 1074 840 :absolvendo

149 848 267 936 dicere,
282 788 394 933 doles,
409 872 502 933 quam
523 851 613 930 illud,
635 853 734 916 credis
757 848 819 931 tete
842 851 962 915 dbsolvi
983 872 1003 917 s
1024 852 1075 927 in's

146 952 254 1013 posse,
278 937 357 995 sicut
380 929 518 996 ohnstm
540 933 583 996 ait
602 933 642 996 ad
671 938 846 1012 caecos*):
872 935 1002 999 Creditis
1024 938 1074 999 me

146 1034 243 1095 posse
265 1017 346 1079 haec
365 1017 454 1080 vobis
476 1018 598 1079 iacere?
640 1016 785 1080 Credenti
797 1020 901 1079 omnia
917 1016 1076 1099 possibilia

145 1105 227 1159 sunt.
281 1099 369 1161 Hsec
395 1102 477 1162 enim
506 1099 583 1162 fides
609 1108 693 1162 certe
713 1102 745 1161 in
767 1100 828 1162 illis
849 1102 983 1163 maxime
1004 1120 1073 1183 pro·

145 1180 253 1261 batur,
290 1184 342 1262 qui
363 1190 498 1245 tremore
515 1185 728 1246 conscientiae
747 1185 856 1265 agitati
877 1182 981 1265 potius
1003 1202 1074 1247 sese

144 1261 290 1328 diffidere
319 1268 463 1329 sentiunt.
511 1266 576 1327 Illis
603 1284 693 1346 vero,
717 1268 768 1347 qui
796 1266 889 1327 talem
921 1267 1075 1327 miseriam

147 1347 383 1428 non'sentiuot,
406 1350 512 1413 nescio
536 1369 575 1409 an
597 1350 659 1410 sint
681 1347 784 1411 eleves
805 1346 878 1409 illae
899 1349 1075 1410 consolato·

144 1430 219 1509 riae,
243 1447 316 1490 cum
338 1424 493 1493 consolari
514 1450 576 1492 non
600 1434 783 1512 mercantur,
805 1432 864 1491 nisi
886 1432 936 1511 qui
957 1430 1074 1516 lugent,

144 1530 203 1574 nec
226 1514 359 1573 animari
381 1513 420 1582 ad
442 1513 534 1575 fidem
555 1515 761 1597 remissionis,
780 1516 848 1600 'nisi
871 1515 922 1595 qui
944 1512 1077 1595 trepidet

143 1592 322 1669 diffidentia
341 1596 532 1667 retentionis.
789 1666 793 1674 ¹
824 1595 828 1618 ¹

162 1686 170 1695 “
208 1675 343 1760 ,Αἱῳιό
359 1686 393 1740 ut
411 1676 504 1739 linem
522 1679 652 1756 ,modern
675 1675 801 1755 inciam,
823 1670 901 1739 hoec
922 1679 1076 1739 sententio

145 1762 225 1843 mea,
248 1760 364 1842 credo,
382 1768 571 1847 potestatem
594 1755 690 1822 clasis
712 1780 775 1821 non
798 1752 906 1821 minuit
912 1808 923 1837 ,
946 1768 980 1821 ut
1000 1760 1074 1821 mihi

143 1844 344 1925 impingitur,
360 1842 364 1850 ’
380 1840 435 1905 sed
464 1863 485 1905 a
511 1842 590 1905 falso
612 1842 732 1905 honore
755 1850 785 1905 st
806 1844 968 1927 tyrannica
987 1858 1073 1905 reve

143 1926 244 1987 rentia
274 1928 307 1987 iu
328 1921 385 1989 sibi
407 1922 542 1987 debitam
564 1933 596 1988 et
615 1926 780 1987 amabilem
801 1927 1005 1989 reverentiam
1027 1926 1072 1987 re'·

143 2008 237 2070 ducit.
281 2006 355 2073 Non
377 2008 458 2070 enim
480 2016 529 2076 est
549 2010 675 2089 mirum,
709 2008 735 2070 sl
758 2006 861 2071 claves
884 2004 1075 2089 contemptui

143 2090 228 2173 licut,
253 2093 280 2152 si
302 2090 386 2158 falsis
408 2092 595 2174 honoribus,
617 2092 648 2153 id
672 2084 734 2174 est,
757 2090 922 2154 terroribus
944 2098 1073 2158 tuntum-

144 2173 238 2240 modn
265 2173 433 2237 offerantur
454 2175 684 2258 suscipiendse,
719 2195 787 2236 cum
815 2175 941 2258 cognite
956 2171 1073 2236 'esrum

144 2257 352 2341 suluberrimo¹
383 2258 602 2320 commoditate
645 2255 758 2320 ¹sonum
789 2259 828 2319 sit
858 2265 912 2325 eut
947 2258 1073 2342 lignum,

146 2342 195 2422 qui
219 2337 386 2403 non'cum
407 2335 548 2404 ¹lacrimis
575 2356 628 2404 ees
658 2339 854 2424 exosculetur
880 2347 911 2402 et
942 2339 1075 2422 amplec-

147 2432 236 2486 tatur.
282 2428 286 2436 “
514 2423 519 2432 ’
660 2425 663 2432 ’
923 2433 925 2441 ’

196 2493 201 2501 ’
227 2505 315 2582 Quid
334 2525 409 2592 ergo
432 2503 611 2588 pontificem
624 2511 752 2588 propter
766 2525 819 2566 eas
841 2495 1072 2604 magnificamus

146 2596 176 2650 et
195 2587 357 2651 homiuem
380 2587 545 2650 terribilem
572 2585 742 2670 fingimus?
792 2587 864 2650 Non
893 2587 973 2650 illius
1003 2594 1074 2648 sunt

148 2673 262 2752 claves,
285 2691 374 2734 mene
391 2672 494 2752 potius
511 2677 592 2750 sunt,
615 2671 688 2735 mihi
701 2669 844 2752 donatae,
867 2689 955 2732 mese
971 2666 1072 2750 saluti,

149 2775 236 2816 meae
260 2746 488 2835 consolationi,
509 2755 579 2836 paci
602 2757 634 2814 et
656 2750 750 2834 quieti
768 2768 951 2834 concessae.
994 2751 1072 2818 Pon-

148 2838 219 2898 tifex
242 2855 351 2899 servus
373 2843 473 2898 estet
494 2825 632 2898 ministc'r
653 2852 739 2897 meus
761 2837 793 2896 in
815 2833 951 2914 clavibus
1005 2833 1073 2919 ipse

149 2937 208 2981 non
239 2926 314 3002 eget
341 2916 400 2980 illis
428 2924 462 2980 ut
489 2920 659 3002 pontifex,
676 2914 731 2980 se'd
761 2937 830 3000 ego.
888 2879 1073 3006 Adnistores

150 3023 221 3064 vero
245 3005 352 3079 omnia
370 3000 985 3085 pontificibus‘inflectunt,'non'nostrcm
1001 3015 1073 3064 con·-

150 3083 353 3164 solatiouem,
380 3083 436 3146 sed
466 3083 588 3169 illorum
611 3079 825 3146 tantummodo
848 3085 1019 3165 potentiam
1039 3084 1074 3146 in

151 3167 207 3230 illis
228 3169 381 3247 iactitant,
404 3172 436 3228 et
454 3187 512 3250 per
533 3187 570 3227 ea
591 3169 661 3248 ipss
683 3185 740 3228 nos
762 3173 893 3248 terrent,
914 3185 971 3247 per
992 3183 1071 3246 quae

152 3269 205 3311 uos
227 3252 365 3329 maxime
387 3251 533 3333 oportuit'
557 3250 734 3328 consolari,
765 3249 845 3315 adeo
883 3256 954 3310 sunt
981 3245 1073 3309 hodie

152 3336 253 3395 omnia
273 3336 431 3416 perversa,
453 3339 485 3394 ct
505 3329 605 3394 adhuc
617 3351 682 3394 non
698 3339 840 3416 putamus
856 3329 990 3393 infelicia
1005 3349 1073 3392 esse

152 3423 298 3500 tempora,
320 3417 351 3478 in
375 3413 483 3496 quibus
506 3423 608 3477 tantus
630 3421 678 3478 cst
700 3411 812 3478 ebusus·
828 3412 1011 3498 optimarum
1028 3427 1073 3477 re-

151 3509 214 3560 ‘mm
235 3501 268 3559 iu
290 3498 440 3580 pessimas
460 3517 509 3560 res
531 3499 621 3562 nobis
642 3512 812 3577 versatum,
853 3492 961 3576 ltaque
983 3497 1074 3558 istam
1140 3540 1146 3558 .

154 3579 397 3661 conclusionem,
419 3587 453 3643 ut
473 3581 568 3663 locet,
583 3584 654 3643 'non
677 3582 803 3643 omnino
825 3583 936 3659 teneo,
958 3575 1012 3640 sed
1034 3595 1074 3639 ex
1165 3589 1173 3594 ·

106 3691 108 3693 >
155 3683 264 3746 magna
284 3670 373 3745 perte
395 3681 487 3745 nego.
1041 3683 1043 3693 ¹

206 3840 396 3908 quomo.
515 3879 525 3888 .
722 3824 767 3859 .·
1004 3821 1009 3830 '

798 3936 860 4002 16*
935 3947 944 3962 “
