2600 4300
383 279 418 333 oa
436 280 474 335 ιο.
492 279 599 335 nunna
617 282 722 337 viare.
742 282 882 351 urspuut.
1026 278 1087 347 119

174 443 309 506 seribnnt
330 448 478 527 historici,
501 452 552 529 qni
573 470 607 511 ae
627 452 791 531 appellarit
810 450 966 536 flagellum
978 441 1036 513 dei
1058 461 1089 514 et

174 534 281 587 metum
304 530 388 591 orbis
410 539 567 608 terrarum,
588 540 621 593 et
641 534 1086 615 deThdmerlnoeSohytarum

174 622 311 689 tyranno,
335 615 387 691 qni
409 634 443 675 se
464 617 540 675 iram
561 616 619 676 Dei
641 624 672 677 et
692 619 867 677 vestitatem
891 616 973 677 orbis
995 619 1086 679 iaote·
1121 662 1123 669 κ

172 694 260 771 verit,
283 694 339 755 sed
362 696 393 755 hi
416 696 514 778 ligura
535 706 566 758 et
586 698 675 758 ludus
698 699 818 759 fuerunt
838 718 913 779 prae
935 701 1018 759 eune
1039 717 1086 761 ro-

172 794 267 836 mana.
311 777 389 837 Nam
412 781 534 840 luerunt
555 781 599 841 illi
620 780 721 841 brevis
749 782 907 841 ouiusdam
939 785 1086 862 temporis

170 858 367 937 calamitates,
390 869 430 939 et,
452 863 536 942 quod
558 865 707 942 optimum
729 864 799 943 fuit,
821 864 942 923 illorum
967 865 1084 925 furores

170 941 248 1000 bona
275 950 308 1002 et
336 962 447 1004 seonra
475 947 665 1005 oonseientia
695 954 725 1005 et
754 946 862 1006 illaesa
890 946 950 1007 fide
973 948 1084 1008 Christi

169 1023 234 1081 ferri
257 1032 432 1103 potuerunt.
475 1028 634 1088 Romanus
658 1048 731 1088 vero
751 1028 868 1089 Hsttila
889 1037 920 1089 et
940 1029 1084 1089 Themer-

168 1106 254 1165 lanes
276 1116 427 1187 perpetuo
456 1118 487 1169 et
514 1112 702 1189 sempiterno
728 1112 830 1181 furore
859 1112 1006 1171 eoolesies
1028 1113 1085 1172 Dei

168 1191 313 1266 vastavit,
342 1210 402 1250 neo
423 1192 522 1252 solum
550 1212 600 1253 res
629 1201 661 1253 et
690 1212 820 1273 corpora
848 1194 995 1274 perdidit,
1029 1194 1084 1255 sed

168 1270 254 1330 iidem
279 1272 392 1333 Christi
422 1281 454 1333 et
475 1276 695 1336 conscientiam
725 1276 837 1337 bouem
873 1278 1026 1356 oppressit
1054 1285 1085 1337 et

168 1354 312 1415 exstinxit
324 1358 388 1415 suis
404 1358 663 1435 pestilentissimis
676 1358 816 1435 densetis,
836 1358 944 1437 quibus
966 1378 999 1419 re
1012 1378 1085 1419 vere

167 1443 196 1495 et
214 1438 306 1495 nimis
328 1437 380 1497 diu
401 1438 458 1498 fuit
479 1447 578 1500 metus
599 1460 734 1501 summus
757 1442 849 1521 orbis,
871 1442 916 1500 ira
934 1450 965 1501 et
979 1441 1083 1521 flagel-

167 1519 226 1579 lum
248 1519 315 1579 Dei.
358 1521 405 1580 llli
428 1522 533 1601 gladio
557 1531 730 1583 terruerunt
758 1524 880 1602 orbem,
910 1520 996 1583 salva
1022 1522 1083 1585 flde

167 1601 290 1681 Christi,
330 1603 380 1662 hie
407 1604 569 1665 mendesio
599 1606 654 1665 sub
682 1607 807 1665 nomine
836 1606 893 1666 Dei
922 1609 1082 1687 proposito

167 1684 268 1745 terruit
289 1692 321 1745 et
342 1685 462 1746 domuit
482 1688 602 1767 omnia,
631 1694 662 1747 et
688 1706 744 1767 pro
765 1689 881 1748 iustitia
904 1695 935 1748 et
956 1691 1084 1749 veritate

167 1769 268 1847 eoegit
288 1768 429 1830 adorere.

243 1850 299 1909 His
322 1850 410 1910 malis
432 1871 496 1912 non
517 1860 680 1913 eontentus
702 1850 796 1913 homo
819 1854 939 1931 peoeati
958 1860 988 1913 et
1002 1852 1081 1913 tilius

167 1932 357 2011 perditionis,
381 1952 440 1994 nee
461 1953 587 1994 aversus
608 1935 692 1995 furor
714 1936 794 2012 eius,
823 1936 877 1995 sed
900 1934 999 1994 adhue
1021 1954 1082 1995 me-

167 2035 219 2074 nus
240 2016 307 2074 eius
329 2023 457 2077 extenta
477 2019 595 2096 quaerit
617 2024 670 2091 (ut
693 2017 731 2077 de
745 2018 900 2077 Antiocho
923 2017 1079 2097 scribitur)

167 2117 304 2178 regnare,
314 2118 406 2179 super
427 2099 488 2160 duo
509 2118 624 2180 regna,
657 2102 837 2180 imperiique
858 2102 977 2162 romani
999 2119 1080 2160 amo·

167 2192 216 2261 gat
235 2179 291 2240 sibi
315 2180 492 2242 dominium.
535 2183 584 2242 Ad
607 2183 689 2262 quod
712 2203 774 2244 non
798 2184 966 2244 minoribus
998 2191 1080 2243 m‘en·

168 2263 257 2323 datiis
279 2265 393 2341 nititur,
416 2285 486 2324 nam
509 2257 672 2345 postquem
686 2265 829 2326 Gerulum
854 2283 995 2344 magnum
1019 2267 1081 2345 epi'·
1119 2295 1126 2300 -

168 2365 275 2424 seopus
308 2365 454 2406 romanos
487 2350 633 2408 unctione
672 2355 703 2408 et
744 2367 860 2408 oorona
896 2348 1082 2408 deolaresset

168 2430 250 2488 Rom.
294 2429 531 2508 Imperatorem,
553 2430 627 2490 lieet
647 2432 746 2510 ipsum
769 2431 911 2505 invitum,
946 2450 1008 2490 non
1031 2431 1081 2490 de·

102 2554 103 2585 3
168 2513 305 2571 stiterunt
338 2519 449 2590 postea
479 2529 537 2592 per
570 2515 676 2572 omnia
708 2523 848 2592 tempora
881 2512 1080 2574 suecedentes

102 2598 103 2621 i
170 2591 328 2652 Pontifices
345 2594 406 2654 hoe
420 2595 563 2674 exemplo
574 2597 605 2654 in
620 2615 705 2675 spem
724 2593 844 2671 sublati,
867 2595 924 2655 sibi
936 2615 1082 2676 usurpare

170 2683 346 2753 potestatem
370 2677 548 2737 conferendi
570 2679 690 2757 imperii
713 2678 820 2756 quibus
843 2677 971 2754 vellent,
995 2687 1025 2738 st
1047 2697 1080 2738 se

169 2758 255 2837 plane
275 2757 419 2819 dominos
440 2760 532 2836 leudi,
554 2762 756 2841 imperatores
771 2779 844 2820 vero
863 2769 992 2839 etreges
1008 2779 1080 2820 suos

170 2839 296 2900 vasallos
318 2848 470 2920 reputare,
493 2845 633 2922 seipsos
655 2862 745 2910 veros
768 2851 800 2902 et
822 2843 913 2922 pleno
930 2842 994 2901 iure
1011 2861 1081 2902 esse

170 2923 304 2983 dominos
327 2923 539 3002 dominorum,
561 2945 651 3006 reges
672 2945 795 3005 regum,
817 2924 933 2984 iudioes
957 2925 1079 2986 throno·

102 3004 103 3017 ²
169 3027 239 3081 rum,
260 3013 293 3064 ut
312 3025 368 3085 per
389 3025 462 3067 suos
483 3007 658 3068 adulatores
681 3008 820 3068 fremunt.

246 3089 310 3149 Nee
344 3089 440 3149 defuit
478 3091 652 3169 operationi
687 3091 796 3150 erroris
834 3087 994 3148 sueoessus
1027 3109 1081 3168 per

171 3171 263 3230 flotam
292 3174 658 3249 exeommunicationem,
699 3180 773 3232 tum
799 3192 854 3252 per
881 3171 1021 3252 prodigia
1050 3180 1081 3232 et

171 3256 251 3334 signa
271 3254 433 3335 mendeoia
454 3255 604 3334 Satanae,
634 3255 735 3315 donee
764 3253 848 3316 nullo
870 3273 984 3334 genere
1006 3254 1078 3331 doli,

102 3364 103 3371 ¹
172 3337 290 3414 dandis,
312 3338 387 3396 artis
409 3345 440 3397 et
461 3339 616 3418 nequitiae
637 3344 669 3397 et
692 3337 825 3398 malitiae
848 3337 963 3396 omisso
988 3337 1081 3396 multa

172 3421 283 3501 regibus
305 3429 464 3500 raperent,
489 3429 520 3480 et
541 3421 624 3499 quod
647 3439 757 3499 rapere
779 3437 840 3479 non
864 3427 1006 3498 possent,
1036 3420 1103 3480 fu.

173 3511 315 3579 narentur,
343 3503 426 3582 quod
454 3504 545 3563 iurari
567 3521 630 3563 non
653 3509 795 3582 possent,
825 3503 927 3581 impiis
951 3501 1079 3562 oultibus

175 3594 202 3644 et
218 3585 396 3648 ceremoniis
419 3593 656 3664 extorquerent,
686 3583 809 3644 tandem
842 3587 934 3644 etiam
957 3585 1078 3646 oonsul-

176 3679 270 3730 oarent
288 3672 357 3750 ipsa
379 3669 461 3730 oolla
481 3669 616 3748 Regum,
647 3686 764 3747 eosque
792 3667 968 3728 oouiderent
989 3669 1079 3747 ferro,

177 3759 203 3812 et
219 3753 319 3814 orbem
342 3751 487 3813 oaedibus
509 3759 541 3813 et
561 3751 650 3812 bellis
674 3757 836 3811 vastarent.
