2600 4300
378 334 414 388 ad
433 335 583 390 lonaahor
599 335 849 390 Juttsrboosanses.
979 343 982 348 ‘
1017 331 1082 399 469
1124 417 1131 434 Ι

239 501 283 564 Et
301 502 375 584 quid
411 502 473 566 hoe
492 503 623 564 mirum?
655 501 767 564 Nonne
799 509 831 563 et
862 520 919 564 vos
946 503 1079 565 tunioam

148 586 375 648 innonsuh‘iem
409 591 442 647 et
472 586 624 647 eeclesiae
657 587 804 646 unitatem
839 585 890 645 hio
918 588 1080 667 anoepistis

149 668 186 728 in
210 666 400 731 miserium
420 669 564 729 sensum?
583 668 662 730 -Ssd
695 686 752 748 pro
773 674 876 728 vestra
897 669 991 729 stulta
1013 670 1078 750 opi·

150 752 262 830 uisne,
284 753 352 813 siae
372 770 435 832 qua
457 751 609 812 ecelesiae
630 751 732 811 unitas
752 755 837 811 reete
853 749 963 824 stabit,
985 751 1078 832 legite

149 833 188 894 G.
210 834 364 896 mamiato
386 834 426 895 de
447 834 667 895 constitutione
699 832 750 894 lib.
775 837 803 896 1„
826 838 857 928 et
879 833 998 912 videte,
1036 853 1076 896 an

149 923 242 978 reato
270 916 314 977 ihi
335 917 421 998 Papa
442 916 516 977 dioit
542 915 748 978 saoerdotium
771 915 935 976 christiin
957 916 1079 977 Petrum

151 998 357 1079 translatum,
388 999 470 1079 quod
500 999 661 1079 apostotus
680 997 719 1060 ad
740 997 880 1059 Ebraeos
910 997 949 1059 de
983 1017 1081 1060 saner·

150 1080 245 1143 dotio
268 1082 402 1143 daronis
422 1084 454 1142 in
476 1080 629 1143 Christum
650 1081 734 1142 dieii.
944 1083 952 1096 '

237 1163 300 1226 sed
325 1183 382 1226 ros
409 1183 469 1225 neo
500 1165 603 1246 legitis
637 1163 817 1244 quidquam,
850 1163 947 1224 multo
982 1164 1109 1224 minus]

149 1247 345 1326 intelligitis,
375 1253 409 1308 et
435 1246 536 1308 adhuo
567 1247 706 1308 iudioare
739 1246 831 1306 vultis
854 1244 900 1305 ds
922 1245 1080 1323 doetriuis,

149 1328 238 1390 idam
255 1329 297 1390 de
317 1329 416 1392 libero
437 1329 577 1409 arbitrio,
614 1328 697 1410 quod
732 1328 848 1389 nullum
872 1333 921 1388 est
940 1335 1020 1390 teste
1043 1328 1078 1389 Β.

149 1411 341 1493 Augustino.
384 1412 456 1474 Nou
488 1413 569 1473 enim
601 1417 707 1494 potest
734 1412 793 1471 nisi
821 1411 934 1470 malum
966 1411 1078 1487 fauere,

150 1513 314 1574 nunquam
334 1500 437 1556 autem
461 1493 585 1574 bonum,
607 1494 785 1637 nisiepratia
808 1492 955 1554 adiutum.
996 1492 1080 1574 Ergo

150 1595 188 1638 se
211 1577 283 1639 solo
313 1595 378 1639 non
411 1583 461 1638 est
480 1576 662 1656 liberum,s
731 1595 852 1637 servum
874 1577 1012 1655 pennati,
1048 1582 1082 1636 ut

149 1659 319 1741 Angustia.
340 1659 392 1724 tib.
413 1662 444 1724 2.
465 1666 575 1725 eontra
594 1659 751 1720 datianum
772 1658 873 1720 donst.
916 1655 977 1719 Sed
999 1675 1092 1739 rogo,

151 1761 223 1821 ros,
248 1742 391 1805 adhibete
412 1743 615 1804 temeritatem
636 1748 791 1821 renuant,
811 1759 851 1801 ao
879 1739 1017 1802 desistite
1038 1738 1078 1800 ab
1129 1799 1135 1804 .

151 1825 283 1886 inmisit
304 1827 582 1903 sarmatosirin,
614 1825 705 1886 nimis
726 1824 802 1885 nihil
824 1823 930 1904 sapitis
952 1824 983 1884 in
1006 1821 1079 1883 doo-

152 1909 239 1968 trina
259 1907 442 1970 christiam
483 1907 595 1969 Estote
626 1925 683 1988 pro
717 1906 807 1968 robis
830 1905 1079 1982 Sermooinistae‚

152 1991 252 2052 sinite
272 2008 332 2052 nos
353 1990 499 2053 doatores
520 1995 647 2052 sanatos
668 1990 784 2070 legere.
1092 1985 1098 1989 ’

140 2127 147 2140 ,
240 2072 367 2154 Quinto,
389 2072 473 2155 quod
488 2073 581 2134 Laioo
603 2072 729 2134 habenti
750 2071 944 2132 autoritatem
961 2069 1079 2151 (Serip-

155 2161 265 2233 tune)
288 2156 358 2238 pha
377 2158 418 2218 sit
436 2156 633 2235 eredendum,
657 2175 748 2235 quam
760 2156 873 2235 Papae,
897 2172 988 2234 quam
999 2152 1079 2215 Gon·

153 2240 242 2319 silio,
263 2240 327 2301 imo
346 2258 437 2319 quam
458 2238 629 2301 Eoolesias.
664 2238 733 2299 Hos
755 2239 847 2299 etiam
869 2236 1002 2297 Juristae
1024 2234 1077 2300 do·

145 2329 242 2402 nent,
262 2329 298 2383 ut
316 2322 552 2384 Panormitauus
573 2341 600 2382 o.
632 2320 828 2403 significasti.
861 2318 903 2379 Et
929 2318 1009 2379 adso
1032 2326 1079 2379 est

97 2406 102 2415 '
155 2405 363 2486 natholieum,
396 2411 430 2467 ut
449 2405 639 2486 Augustinus
661 2396 817 2463 in-muitis
842 2402 920 2463 ionis
941 2400 1003 2463 hoe
1022 2420 1079 2482 pro

154 2488 268 2569 regula
287 2486 402 2549 haheat
421 2487 546 2569 legendi
577 2492 711 2547 autores.
753 2485 819 2545 Neo
839 2484 895 2545 tuit
916 2483 995 2543 ullus
1017 2491 1078 2545 tam

155 2570 269 2633 foedus
290 2570 480 2648 haeretious,
510 2571 562 2651 qui
583 2569 644 2630 hoe
677 2574 822 2648 negaret,
855 2567 914 2627 nisi
934 2567 1007 2627 novi
1028 2566 1079 2626 isti

155 2653 306 2715 haeretiei
348 2654 484 2714 omnium
525 2651 765 2714 temerariissimi
810 2648 1080 2710 dotterbonoenses

157 2735 390 2814 Observautini,
413 2736 464 2815 qui
484 2735 586 2797 fronte
605 2754 662 2794 sua
674 2733 846 2793 meretrioia
859 2731 1079 2792 sacratissimas

101 2896 104 2901 Ι
156 2819 285 2881 Patrnm
305 2817 473 2897 dootrinas,
494 2836 571 2898 quas
592 2834 747 2894 nunquam
769 2814 926 2897 legerunt,
947 2828 1081 2894 pronun·
1155 2873 1159 2881 ,

133 2977 137 2981 ,
158 2901 437 2987 oiantpestiteras,
458 2900 623 2976 absurdas,
650 2898 768 2959 alienas
791 2903 817 2958 ι’
832 2894 987 2958 oedoltus
1008 2894 1079 2957 doo-

158 2985 250 3047 trina.
291 2983 406 3046 Nonne
435 2983 514 3045 hasa
542 2988 593 3044 est
616 2983 648 3043 in
671 2981 814 3062 Spiritum
841 2985 980 3040 sanatum
1002 2977 1081 3040 blaa·

158 3067 353 3228 Phomfluaxto,
374 3148 448 3229 quid
468 3147 603 3210 Thomas
631 3145 831 3227 praedicarit,
865 3143 988 3219 neseio,
1021 3142 1081 3203 nisi

159 3230 245 3376 prod
255 3233 365 3295 iterum
377 3231 469 3293 rideo
480 3236 612 3292 vestram
627 3228 772 3290 maiitiam
785 3226 917 3308 prodero
928 3226 1080 3370 seipsam.

186 3334 240 3377 arn
262 3333 333 3377 oum
353 3314 407 3375 ills
427 3312 619 3395 in-generaii
639 3311 800 3373 Praelatos
822 3308 970 3389 serpserit
1006 3324 1081 3388 apas

161 3403 194 3459 et
212 3397 407 3479 Episemou,
437 3395 536 3477 qnod'
553 3396 660 3475 utique
688 3412 751 3455 non
782 3392 882 3453 solum
903 3389 991 3469 linet,
1027 3387 1082 3450 sed

162 3481 256 3543 stiam
278 3478 372 3543 debet
391 3478 476 3557 deri,
503 3479 561 3539 nisi
591 3478 762 3557 Scripturas
794 3473 894 3536 vetitis
915 3490 1030 3555 negare
1052 3476 1084 3533 st

219 3561 338 3636 hibere,
359 3560 412 3624 ubi
432 3560 570 3622 Christus
589 3561 682 3636 tures,
703 3559 850 3629 latrones,
870 3556 961 3637 lupos
982 3572 1083 3634 repre·
1206 3596 1208 3599 -

130 3710 132 3713 ,
182 3644 280 3708 ondit
318 3644 386 3707 Vos
407 3650 509 3705 autem
531 3645 561 3705 ei
581 3642 701 3705 audetis
722 3659 780 3721 pro
802 3639 892 3719 mlpa
913 3639 1081 3717 imponere,

162 3727 246 3807 quod
265 3733 340 3789 tuna
357 3732 444 3791 reete
463 3726 624 3803 isoiasatia
646 3725 673 3784 si
693 3723 746 3784 ilie
768 3722 901 3802 aliquem
928 3718 1082 3780 nominas·

162 3815 209 3873 sot
228 3808 470 3873 individualiter.
503 3808 593 3871 Nuus
613 3815 717 3869 autem
740 3804 960 3899 datraotatores
981 3807 1013 3861 st
1032 3816 1083 3860 na·
