2600 4300
257 285 300 355 to
397 273 452 315 '·
506 289 938 377 &monstrosum

341 460 536 541 Seoundum,
562 462 638 525 noio
662 479 721 544 ogo
744 461 858 526 doses
878 463 928 524 vel
949 461 1104 526 douutttn
1126 482 1170 524 eo

260 543 369 619 elusis,
397 544 481 622 quod
501 546 662 623 requisitus
684 563 746 606 uon
767 545 884 625 possim
908 543 1086 624 defendere,
1115 548 1170 608 uisi

258 626 400 704 diemde,
423 625 597 704 &Thomes
619 629 664 690 sio
684 627 778 689 dixit:
802 628 991 690 Christianus
1011 645 1089 706 sum,
1104 647 1170 688 uon

258 709 490 790 Pythagoricus.
1047 747 1050 752 ,

341 791 391 854 Ad
412 793 595 856 tricesimam
608 799 759 871 oetatem,
780 792 943 873 utrobique
961 793 1075 856 demun

258 894 309 936 me
330 893 431 936 errore
451 875 542 954 diois,
575 876 641 938 sive
662 875 701 936 de
723 876 827 956 oulpu,
855 877 921 938 sive
948 876 987 937 de
1007 893 1111 956 poene
1130 878 1171 936 iu-

258 957 405 1038 telligsm,
427 960 498 1038 quin
519 978 603 1039 pepe
621 977 685 1020 nou
708 959 902 1038 deoleretive,
924 959 979 1020 sed
993 959 1172 1020 ministeriu·

258 1041 328 1102 liter
349 1047 382 1102 et
403 1040 583 1122 dispositive
605 1041 730 1122 uulpem
750 1049 782 1102 et
801 1061 935 1122 poeusm
955 1042 1084 1104 relaxet.

339 1124 545 1204 Respondeo:
578 1124 665 1186 Haeo
691 1144 783 1205 supro
805 1125 962 1186 ooniutute
995 1126 1069 1187 sutis
1098 1132 1173 1199 suut,

258 1208 331 1286 quis
352 1215 424 1268 onte
446 1208 646 1270 ministerium
674 1227 774 1288 pupae
794 1215 827 1270 et
857 1214 929 1268 ente
962 1209 1026 1270 eius
1047 1207 1173 1288 disposi-

257 1292 375 1352 tionem
407 1297 530 1370 oportet
549 1292 708 1353 remissam
742 1309 811 1352 esse
832 1291 969 1372 eulpam,
996 1290 1072 1352 nihil
1091 1293 1172 1352 enim

259 1373 343 1434 velet
361 1379 413 1434 tus
433 1372 540 1436 iiotitie
560 1374 688 1437 astutio.

339 1455 493 1535 Seeuudo,
514 1455 618 1535 quosd
637 1475 773 1536 poenem
793 1475 813 1517 e
833 1457 901 1518 Deo
924 1455 1072 1520 inflictum
1095 1476 1173 1536 popo

258 1558 317 1599 neo
337 1539 530 1618 dispositive,
558 1558 617 1601 neo
637 1539 874 1602 ministerialiter
894 1559 929 1602 se
950 1539 1052 1619 hebet,
1075 1547 1110 1600 ut
1130 1559 1172 1600 re-

258 1622 409 1706 mittetur,
432 1622 499 1684 duee
524 1623 607 1684 enim
628 1625 761 1702 pertinet
781 1622 821 1684 od
842 1623 942 1684 forum
963 1623 1041 1701 Dei,
1058 1623 1093 1684 iu
1115 1641 1171 1702 quo

258 1723 341 1785 pepe
361 1712 483 1784 prester
502 1706 754 1768 intereessionem
775 1705 851 1776 nihil
870 1707 943 1766 iuris
954 1705 1057 1784 habet,
1073 1712 1115 1766 ‚ut
1131 1725 1173 1766 ss·

258 1789 297 1852 tis
317 1787 432 1848 dietum
454 1796 511 1868 est,
533 1806 592 1850 neo
614 1790 799 1852 eontrarium
812 1796 859 1852 est
880 1787 1170 1850 determinaturum

233 1949 238 1958 1
259 1871 403 1939 eoeleste.
486 1925 489 1929 ,

320 1953 374 2018 Ad
391 1953 574 2016 trieesimum
605 1972 736 2032 nouum,
771 1953 895 2016 teudem
921 1954 1032 2034 plenus
1061 1951 1171 2014 dduoio

259 2038 358 2118 primo
378 2055 557 2118 perversum
578 2035 747 2115 dootorem,
769 2035 880 2098 deinde
896 2036 1104 2098 detractorem
1126 2055 1171 2096 se·

257 2120 382 2181 nielium
406 2119 464 2202 (ue
486 2118 599 2195 diuam)
614 2119 768 2180 venalium
790 2119 1033 2201 praedicatorum
1057 2126 1091 2180 et
1100 2137 1171 2199 pnn-

254 2202 344 2265 tidois
365 2202 548 2284 proolemes.
570 2202 689 2264 Deinde
711 2218 807 2284 neges
829 2203 976 2266 bonerum
999 2202 1171 2284 discipline-

128 2313 133 2319 ’
254 2306 319 2351 rum
343 2287 515 2367 preeoeptis
536 2287 716 2347 institutum.

332 2368 463 2450 Oportet
472 2388 522 2431 me
543 2368 667 2431 taudem
688 2370 825 2429 animum
836 2368 976 2447 meuml)
1001 2376 1033 2430 et
1047 2368 1170 2431 leuioris

256 2454 318 2513 mei
338 2454 505 2530 instituere,
527 2459 560 2513 ut
579 2453 712 2513 sciamus
724 2470 795 2513 oum
805 2452 995 2514 Thomsstris
1018 2452 1171 2513 nerninem

256 2554 350 2616 posse
370 2536 471 2614 loqui,
502 2535 561 2595 uisi
582 2541 722 2614 peretum
745 2535 842 2597 altero
864 2535 958 2597 verbo
989 2535 1171 2610 nourioium,

256 2620 386 2696 erimeu,
408 2616 629 2698 blasphemium
652 2611 767 2693 oudino.
794 2618 928 2698 Diligitie
949 2618 1036 2679 euim
1054 2618 1171 2697 opinio-

254 2702 306 2765 -uis
327 2707 449 2764 vestrae
469 2719 591 2763 sensum
618 2700 704 2781 plus,
733 2718 823 2780 quem
851 2700 968 2780 onager
996 2720 1084 2781 suum
1113 2699 1171 2760 ios

256 2791 330 2848 tum.
351 2782 520 2847 Audiamus
533 2803 607 2864 ergo
629 2785 719 2845 istem
733 2782 927 2865 megnifioem
944 2791 1016 2845 tuee
1038 2783 1171 2865 disputo·

256 2869 349 2930 tionis
371 2866 493 2930 bullam.

339 2951 419 3030 Duo,
436 2950 545 3028 inquis,
566 2955 829 3029 pmeoeptetenes
850 2949 937 3027 feise,
951 2968 1041 3029 -quee
1063 2949 1167 3010 senisu

258 3040 407 3112 evertunt,
428 3052 530 3111 uuum,
553 3032 635 3111 quod
656 3050 731 3093 vers
750 3032 893 3094 conuitio
906 3032 1032 3095 ebolest
1048 3050 1170 3093 omnem

254 3136 398 3199 poenam,
420 3116 560 3193 alterum,
577 3114 665 3194 quod
684 3134 759 3177 vers
780 3116 922 3179 uonmtio
946 3134 1064 3195 poenes
1086 3132 1170 3194 prse-

171 3275 174 3276 ⁷
255 3202 352 3283 eliget
372 3218 502 3281 semper.
543 3198 674 3260 Primum
697 3199 879 3279 impugnes,
918 3205 949 3260 et
975 3196 1007 3259 id
1029 3216 1093 3259 nou
1116 3198 1170 3259 nisi

256 3282 336 3347 bene
356 3284 559 3345 institutorum
572 3280 787 3361 theologorum
800 3280 1021 3362 peredigmets,
1044 3280 1169 3356 seilicet,
1201 3282 1202 3289 ’

255 3368 310 3431 ubi
330 3364 490 3428 offendens
510 3361 543 3447 ²)
572 3365 728 3427 hominem
754 3366 921 3427 restituitur
942 3366 983 3425 in
996 3363 1174 3441 endoitism,

256 3470 320 3513 nou
336 3451 403 3511 sine
425 3448 571 3524 emendo,
597 3448 640 3511 ite
660 3448 744 3509 Deus
772 3448 842 3529 iege
868 3449 1022 3522 eommuni
1053 3446 1171 3509 abolito

256 3533 346 3614 oulpe
366 3532 432 3593 vult
451 3539 648 3611 peecatorum
670 3530 831 3593 emendam
859 3532 1007 3615 praestari
1028 3537 1086 3595 eto

294 3788 428 3861 1).1bid.:
445 3751 567 3843 enimam
584 3802 685 3843 meum.
705 3788 735 3855 2)
754 3788 836 3845 ibid:
857 3785 987 3845 offendet.
1063 3818 1065 3826 =
1093 3830 1096 3841 .
