2600 4300
255 299 301 368 66
430 387 434 394 “
510 305 668 375 monnio
685 305 719 361 l).
739 305 818 361 llari.
837 307 949 362 lutheri

256 473 327 535 dem
354 477 572 555 potestatetem
602 471 657 535 tibi
679 493 807 556 arrogas
835 473 1013 556 baptizandi
1037 474 1112 552 nai,
1143 480 1173 534 ut

184 560 186 563 ’
254 557 402 620 volueris.
446 556 516 653 Ago
538 564 641 618 tumen
668 559 792 637 gratias,
814 558 897 637 quod
921 575 1026 618 verum
1048 573 1117 616 esse
1137 557 1174 620 di·
1199 623 1200 628 η

256 641 311 721 ais,
333 640 408 701 nihil
428 641 597 700 remittitis
609 642 646 721 ¹),
670 641 723 720 qui
745 640 880 721 perlecta
900 647 971 700 aunt
986 639 1117 704 contriti.
1137 639 1174 699 ut

253 726 323 807 saio
344 741 407 785 non
422 740 542 785 omues
562 741 634 783 esse
661 724 756 800 tales,
789 724 844 785 sed
877 741 940 785 non
967 723 1039 784 ideo
1066 723 1174 782 intrant

254 808 474 887 purgatorium,
497 807 571 885 quia
592 823 710 886 poenas
734 806 855 887 debent,
878 823 955 886 quas
976 823 1061 886 papa
1080 806 1174 885 possit

254 891 384 961 solvere
406 897 440 948 ut
459 889 659 970 probabiliter
679 892 763 950 tenui
786 897 816 950 et
837 898 939 950 teneo.

189 985 193 994 “
337 973 386 1033 Ad
409 971 570 1052 septimam
593 972 679 1040 dieis
702 973 784 1052 quod
808 973 869 1034 duo
886 972 969 1034 bona
981 970 1172 1046 adderentur

254 1075 366 1132 unum,
399 1054 483 1134 quod
516 1073 645 1115 neeesse
674 1063 757 1116 esset
785 1053 892 1116 fideles
921 1055 1012 1116 toties
1038 1061 1174 1134 repetere

254 1157 391 1215 oausam,
407 1139 512 1227 gratia
533 1140 620 1198 ouius
642 1137 754 1199 dantur
776 1141 895 1216 veniae,
910 1147 993 1219 puta
1009 1135 1175 1216 eleemosy-

255 1240 328 1283 nam
350 1218 410 1282 eto'
451 1219 591 1299 Scimus,
613 1221 654 1280 mi
676 1229 781 1301 pater,
802 1221 886 1301 quod
907 1239 963 1282 vos
985 1219 1116 1280 libenter
1136 1221 1175 1278 ιι-

255 1305 377 1384 deretis,
398 1322 523 1364 eausam
544 1305 634 1369 istam
658 1324 719 1364 uns
740 1305 818 1366 hora
838 1305 947 1364 millies
969 1305 1077 1384 repeti
1109 1301 1175 1363 Hoe

252 1388 346 1448 fere
338 1407 368 1447 ιιι
391 1387 538 1447 avaritiae
559 1387 675 1448 bonum
705 1388 793 1448 cedit
835 1387 901 1448 Nos
933 1388 1110 1466 quaerimus
1139 1385 1174 1445 de

149 1482 161 1508 ²
253 1470 336 1531 bono
359 1469 469 1567 dantis,
492 1469 574 1566 quod
597 1472 622 1530 si
644 1476 692 1530 est
714 1471 797 1532 datio
818 1471 1045 1552 eleemosynae,
1068 1468 1174 1530 melius

251 1553 283 1613 id
305 1554 339 1613 ιιι
361 1555 428 1613 sine
450 1554 564 1629 veniis,
592 1561 625 1613 et
652 1552 763 1633 gratis,
792 1569 883 1632 qaam
912 1562 1040 1634 propter
1061 1553 1175 1628 venias,

253 1643 399 1716 utsupra
420 1633 494 1696 disi.
521 1635 568 1695 'lin
590 1642 692 1696 autem
716 1655 838 1716 semper
859 1637 1068 1732 imaginaris,
1069 1637 1174 1698 venias

252 1735 321 1780 esse
344 1717 468 1798 aliquod
490 1718 615 1779 bonum.
659 1719 797 1780 Alterum
820 1719 951 1799 bonum,
984 1719 1102 1798 inquis,
1132 1737 1173 1778 re-

252 1803 419 1862 mitteretur
440 1819 539 1862 novus
561 1808 663 1862 reatus
686 1821 872 1882 poenarum,
895 1803 921 1863 si
942 1802 1011 1882 quis
1032 1807 1106 1884 poet
1126 1819 1173 1860 ve-

251 1885 335 1945 niam
356 1884 522 1946 incidisset.

334 1966 548 2064 Respondeo,
571 1967 654 2046 qnod
689 1969 747 2029 iste
779 1975 883 2029 reatus
918 1967 1026 2029 melius
1059 1966 1174 2028 tollitur

249 2052 318 2111 siue
350 2051 464 2128 veniis,
497 2051 570 2130 quia
596 2053 714 2111 veniae
747 2070 809 2113 nou
842 2058 914 2113 sunt
943 2067 1000 2132 pro
1036 2051 1172 2130 peeeatis

250 2131 422 2195 venialibus
443 2135 646 2197 necessariae.
690 2133 722 2197 Si
751 2141 852 2195 autem
882 2134 921 2197 de
942 2135 1065 2196 mortali
1085 2139 1171 2195 reatu

248 2218 408 2298 intelligia,
428 2218 490 2277 iam
512 2218 627 2278 nullum
650 2225 698 2278 est
718 2216 801 2281 istud
822 2217 954 2297 bonum,
976 2218 1035 2278 nisi
1057 2219 1171 2279 senties

250 2302 318 2381 quis
349 2304 379 2360 in
411 2300 460 2361 die
493 2308 602 2381 penset
637 2302 821 2378 mortaliter,
857 2302 940 2382 quod
969 2302 1071 2361 nullus
1099 2301 1172 2361 fauit

249 2382 362 2463 vere²j
386 2384 559 2464 poenitens.

332 2467 381 2527 Ad
396 2475 548 2541 octavam,
569 2466 653 2547 quod
674 2484 757 2547 papa
778 2466 937 2549 suspendit
948 2484 1054 2528 venias
1067 2472 1098 2528 et
1108 2466 1171 2527 ute-

248 2568 309 2629 ras,
331 2550 423 2627 diois,
444 2549 476 2609 id
497 2514 563 2609 fie'ri
584 2568 641 2629 pro
664 2558 815 2611 structura
837 2553 973 2612 omnium
992 2550 1170 2631 praeclaris-

248 2635 334 2696 sima
383 2630 424 2693 Et
444 2632 522 2695 liaeo
543 2632 596 2693 tibi
626 2633 836 2695 videturesse
857 2636 937 2695 iusta
959 2632 1170 2714 suspensionis

249 2731 351 2776 eausa.
401 2715 467 2775 Neo
496 2716 619 2793 mirum,
655 2734 717 2777 nou
748 2719 828 2778 anim
857 2718 915 2777 uisi
944 2734 1025 2797 quae
1051 2716 1170 2777 Romae

248 2806 328 2876 sunt,
351 2818 450 2862 ouras.
492 2798 562 2877 Ego
584 2805 687 2859 autem
707 2799 787 2879 dieo,
810 2802 849 2861 sit
866 2801 923 2861 -illa
942 2808 1096 2861 structura
1117 2800 1169 2860 ho-

248 2882 416 2943 norabilior
448 2883 609 2960 omnibus,
643 2890 726 2943 eerte
762 2890 888 2945 nostrae
922 2884 1074 2945 ecelesiae
1100 2888 1170 2943 sunt

248 2968 346 3046 magis
368 2967 569 3027 necessariae
613 2964 663 3025 Ad
684 2984 830 3063 ροιιιριιιιι
860 2967 965 3027 mundi
996 2966 1095 3027 solum
1124 2984 1183 3041 re,

247 3051 357 3132 spieis,
379 3050 467 3129 quasi
487 3058 560 3108 tune
581 3048 774 3109 eeclesiat
734 3052 774 3109 sit
795 3050 954 3129 praeolare
974 3052 1114 3130 provisa,
1143 3050 1168 3107 si

246 3097 367 3214 ligna³)
398 3139 431 3193 et
457 3131 609 3211 lapidea
599 3150 631 3190 ιιι
666 3150 811 3211 magnum
843 3134 976 3193 erexerit
1003 3132 1167 3194 eumulunr.

247 3214 340 3293 Oum,
372 3215 396 3275 si
429 3214 566 3293 velletis,
593 3216 719 3294 possitis
747 3217 805 3296 ipsi
833 3214 966 3277 Romani
991 3214 1167 3296 pontilianus

247 3261 509 3379 οριιιέιιιιιιιιιιιι
501 3316 615 3361 iuvare
659 3297 719 3358 Sed
750 3300 880 3361 aliorum
903 3302 942 3360 sit
959 3298 1107 3359 iuditium
1129 3296 1168 3357 de

246 3384 305 3442 tuis
328 3382 410 3441 solui
397 3380 542 3459 tionibus,
565 3395 624 3460 ego
645 3380 762 3463 fateor,-
776 3402 826 3443 nie
848 3382 922 3442 nihil
939 3401 981 3441 ex
994 3383 1032 3441 iis
1045 3381 1167 3458 habere,

247 3464 330 3541 quod
353 3464 440 3525 laicis
462 3462 599 3542 reddam,
620 3465 679 3524 uisi
701 3467 833 3527 maiores
856 3458 1065 3563 quaestiones

329 3546 443 3608 Ultimo
470 3546 575 3606 tribuis
596 3546 734 3625 pontifloi
754 3550 881 3628 iterum,
919 3556 952 3610 ut
973 3550 1012 3609 sit
1032 3546 1166 3609 virtualis

249 3736 352 3873 ,ij
372 3737 403 3788 ¹¹¹
421 3738 465 3807 ‘d
482 3740 556 3795 ³⁶¹¹
574 3740 626 3794 ¹¹¹⁸
664 3739 696 3807 2)
719 3740 784 3794 lbid.
805 3740 896 3796 deest:
916 3752 991 3795 aare.
1029 3736 1062 3807 3)
1084 3738 1165 3794 naid:
