2600 4300
289 336 366 407 spart
382 337 464 393 csso.
483 338 510 393 8
528 338 601 391 sixti
620 291 700 391 bom.
720 340 799 391 Post
819 338 883 407 teg.
996 334 1057 401 369

144 512 176 565 ιιι
194 524 291 565 cassas
310 524 371 566 ex
366 506 451 568 urbo
467 508 723 583 committeretur,
756 508 976 585 gratiomssime
996 507 1057 567 iam

143 594 232 648 antea
253 588 466 668 laboraverat)
490 592 559 651 reni
582 584 752 671 Augustam
775 598 996 670 susceptusque
1016 589 1058 649 t'ui

143 691 161 731 a
191 671 459 734 Reverendissimo
492 674 527 733 D.
543 672 715 734 Gordinsle
743 672 860 753 legato
891 674 965 735 satis
999 672 1058 733 oic-
1113 706 1120 713 ·

144 762 268 832 menter,
290 774 329 815 ac
349 776 447 837 prope
478 758 667 817 reverentius
705 752 770 838 (sir
793 758 873 817 enim
895 764 942 816 ιιι
962 756 1057 817 omni·

144 837 196 897 bus
224 839 402 900 nominibus
429 840 525 919 alius,
552 858 644 919 quam
672 839 701 898 bi
730 839 866 901 Fratmm
896 846 1058 899 venatores

144 920 375 999 robustissimi).

223 1003 284 1064 Hic
304 1004 356 1065 ubi
375 1024 411 1066 se
431 1005 515 1067 nolte
535 1024 655 1065 mccrrm
677 1003 833 1083 disputare
845 1004 982 1075 dixisset
1004 1004 1059 1065 sed

144 1088 276 1147 suaviter
297 1096 328 1148 et
347 1094 477 1169 paterne
496 1108 560 1149 rem
592 1068 886 1169 componere.t1'ia
915 1088 987 1147 nubi
1021 1088 1060 1148 de

146 1169 290 1231 mandato
305 1170 420 1235 domini
443 1191 545 1252 papae
567 1168 621 1253 (ut
640 1170 815 1251 asserebat)
833 1150 975 1232 feoieuds
991 1188 1060 1305 pro·
1163 1208 1165 1215 ·

146 1254 417 1418 posulbt¹‘rimirm¹),
450 1336 488 1398 ad
518 1355 573 1398 ιιι
599 1324 732 1397 redirem
761 1336 941 1418 errstusqub
975 1354 1061 1399 meos

146 1438 335 1497 revocarem,

224 1503 366 1583 Deinde,
387 1503 597 1584 promitterem
623 1502 655 1563 in
684 1502 817 1565 futurum
847 1501 1000 1564 obstinere
1016 1459 1061 1564 sb

147 1585 274 1664 eisdem,

222 1669 341 1748 Tertio,
362 1674 395 1730 et
414 1667 453 1729 ab
476 1666 633 1745 omnibus,
653 1668 764 1747 quibus
786 1668 941 1730 Ecclesia
948 1675 1062 1750 pertur-

149 1752 210 1813 bsri
280 1755 343 1814 ssit.

224 1770 343 1916 bigo,
341 1835 394 1914 qui
421 1833 495 1895 talia
520 1834 614 1895 etiam
634 1832 872 1915 Vuitembergse
898 1834 963 1895 sins
985 1834 1062 1914 pori-

149 1917 230 1998 oulis,
254 1921 323 1978 sine
343 1917 450 1979 labore
466 1923 561 1993 tauto,
578 1936 633 1977 me
644 1916 747 1977 fucere
761 1918 900 1998 potuisse
910 1916 1062 1992 videbam,

148 2019 202 2061 neo
222 2003 255 2061 in
279 2002 420 2081 Augusto
441 2000 515 2061 mibi
541 2000 636 2060 tuisse
668 2000 859 2081 quaerenda,
889 2018 963 2060 mox
988 2000 1062 2081 petii

150 2084 261 2158 doceri,
283 2086 313 2144 in
336 2083 445 2164 quibus
468 2100 634 2162 errassem,
652 2102 702 2143 me
723 2102 785 2144 non
807 2102 875 2145 esse
896 2082 968 2143 mibi
990 2096 1062 2145 con-

149 2171 242 2230 scium
266 2169 357 2229 uilius
378 2168 497 2229 erroris.
538 2167 646 2228 Tunc
641 2167 781 2248 protulit
802 2166 1062 2247 Extrsrogsntem

151 2251 315 2313 Oiemeutis
337 2251 402 2330 Vl,
424 2269 504 2348 quse
531 2251 652 2330 incipit.
676 2250 857 2330 Unigenitos
884 2257 952 2330 etc,
980 2248 1063 2330 qnod

151 2342 257 2396 contm
277 2353 347 2396 esm
369 2334 568 2395 asseruissem
590 2333 806 2414 Propositione
826 2335 880 2399 68:
902 2329 972 2394 Non
994 2351 1063 2394 esse
1119 2380 1121 2389 .

151 2419 257 2478 merita
247 2416 389 2514 Christi
408 2415 666 2497 indulgentiarum
693 2418 878 2478 thesaurum.
909 2415 1064 2497 Urgebat

150 2493 263 2580 itaque‘,
284 2508 319 2561 ot
338 2504 527 2579 rs'vocarem,
549 2499 745 2580 instabatque
767 2519 836 2564 cum
858 2498 979 2579 fiducia,
1001 2517 1064 2560 ιιιι

151 2585 281 2644 tissimus
312 2582 352 2644 dc
379 2584 522 2662 vintoris,
554 2582 730 2644 confidebat
751 2584 830 2644 enim
860 2587 953 2662 siquo
983 2582 1062 2645 odeo

151 2665 509 2823 mmm*
526 2667 1064 2828 tt0t⁰ttdttts¹tzb⁸ttsst

501 2792 510 2827 i

153 2833 273 2894 babent.

232 2913 377 2977 Secundo
407 2913 536 2994 obiecit,
569 2915 653 2993 quod
688 2915 898 2996 propositione
930 2918 958 2980 7.
987 2919 1065 2978 istor

153 2999 369 3061 declarandum
390 2998 566 3074 doouersm,
587 2998 801 3060 Necessarium
823 2997 993 3058 cssefldem
1016 3017 1066 3059 ac·

154 3101 275 3144 sessuro
291 3082 330 3143 ad
342 3088 577 3158 accrementum,
593 3083 688 3142 autin
702 3081 846 3142 iudicium
860 3099 1064 3146 secessurum.

154 3165 240 3227 Hanc
265 3167 346 3227 enim
378 3183 490 3227 novam
525 3172 557 3225 ct
580 3183 742 3226 erroneam
776 3165 945 3226 doctrinam
967 3164 1066 3244 putari

155 3250 255 3332 votuit,
280 3248 335 3310 sed
355 3250 458 3329 potius
478 3249 624 3308 incertum
639 3267 709 3308 esse
721 3267 843 3310 omnem
857 3247 1065 3324 accedentem,

155 3335 282 3412 gratiam
310 3339 566 3413 consequeretur,
599 3349 707 3393 necne.
762 3329 966 3410 Facisbctque
1006 3329 1066 3390 bac

156 3415 263 3478 fiducia
284 3435 350 3492 sua,
371 3415 546 3495 praesertim
569 3413 771 3475 arridentibus
786 3421 884 3494 etpro
902 3431 987 3474 mose
1008 3429 1065 3473 suo

157 3460 404 3560 mcbmnsotibas
430 3497 515 3561 ltelis
554 3497 663 3557 ceteris
695 3495 891 3558 familiaribus
920 3495 1000 3575 stris,
1033 3501 1067 3556 ut

157 3584 243 3645 victo
254 3582 362 3643 similis
383 3579 514 3644 viderer.
1000 3616 1002 3624 ,

160 3697 361 3717 unu—b„

124 3789 130 3798 ·
224 3760 256 3826 1)
277 3759 307 3812 iu
335 3757 378 3813 ed.
403 3760 473 3828 orig.
495 3753 657 3826 (wittenb.)
685 3755 862 3853 intersertum
880 3751 997 3821 legitur:
1025 3756 1065 3808 ut

157 3829 184 3894 2)
201 3830 284 3886 ibim:
304 3832 439 3885 fortassis.

191 3937 283 3979 bothert
295 3925 766 3997 wppvsfflsoresfflsttsvt’tll·
861 3925 958 4010 24
