2600 4300
220 372 283 439 3le
491 372 607 427 Postilla
624 370 659 425 D.
677 372 755 427 biart.
774 370 885 425 numeri
989 348 991 353 ¹

304 544 418 609 mun
444 542 564 607 Bonane
596 538 679 622 apud
713 540 743 605 Β.
767 540 909 619 Petrum,
939 538 995 601 sub
1032 537 1140 599 annulo
1173 604 1177 612 ,

222 628 406 706 Piscatoris,
438 625 499 689 Die
525 624 633 687 XXllt.
661 623 809 705 August,
837 622 930 685 Auno
958 614 1142 692 mcxviii,

221 708 423 773 Postumum
444 709 544 771 nostri
563 727 648 771 anno
669 713 769 771 sexto.
1043 736 1044 741 κ
1127 716 1133 735 ’

676 788 854 853 lacobus
876 786 1107 850 Sadoletus.

339 1033 529 1133 Postilla
555 1034 602 1128 F.
630 1030 814 1129 llartini
842 1028 1027 1127 botheri

412 1198 542 1284 Super¹
556 1197 682 1261 Brev‘e
702 1194 959 1277 praecedens.

226 1431 229 1437 ,
309 1365 385 1440 Quis
396 1365 432 1444 *)
448 1361 527 1425 dixit
537 1360 732 1423 Pontifioime
742 1360 870 1423 abusum
882 1360 1078 1443 benignitate
1087 1378 1150 1436 sun,

138 1493 146 1505 ,
225 1468 286 1529 qua
302 1467 352 1509 me
364 1447 420 1528 per
430 1446 596 1509 Dominum
613 1444 837 1525 Hieronymum
860 1444 944 1507 citari
965 1443 1063 1507 feeit?
1086 1462 1149 1503 onnr

225 1539 367 1611 tempore
386 1529 476 1597 buius
498 1527 562 1589 dati
583 1527 708 1604 Brevia,
735 1532 788 1590 aut
815 1532 899 1589 certe
928 1526 1018 1589 buius
1049 1526 1150 1607 benig-

226 1613 331 1678 nitatis
351 1610 483 1682 abusos,
512 1629 571 1691 ego
594 1609 731 1671 nondum
755 1604 918 1689 quidquam
941 1609 982 1670 de
1004 1610 1152 1671 citatione

226 1694 386 1772 audierim,
407 1700 443 1754 ut
458 1692 541 1753 ¹infra
561 1692 660 1771 scies,
683 1692 739 1753 sed
758 1692 896 1755 insulsus
915 1692 1028 1773 aliquis
1051 1692 1151 1754 leuco·

227 1795 323 1841 corax
356 1778 388 1837 iu
426 1775 594 1838 Germania
631 1794 732 1837 meam
773 1774 880 1845 videus
913 1774 1060 1857 fiduciam
1096 1775 1153 1835 ista

226 1860 395 1925 crocitnvit.
546 1926 551 1932 ,
720 1888 723 1893 ·

307 1941 404 2017 Item,
425 1937 509 2020 quod
530 1940 562 2001 in
582 1938 704 2001 haeresi
726 1938 923 2020 pertinaciter
952 1946 1026 2021 post
1047 1938 1151 2003 Hiero-

226 2044 247 2086 n
270 2025 402 2085 miannm
425 2023 603 2083 citationem
626 2028 658 2083 et
679 2023 882 2084 monitionem
903 2024 1102 2103 perstiterim,
1125 2028 1153 2085 et

258 2108 306 2168 'oa
336 2106 460 2168 libellos
494 2103 657 2183 ediderim,
695 2112 744 2168 est
778 2111 917 2186 apertum
947 2107 1152 2184 mendacium,

227 2209 291 2252 non
313 2190 414 2253 solum
436 2189 518 2250 enim
533 2196 606 2248 ante
620 2188 727 2250 datum
742 2188 831 2250 huius
848 2189 965 2266 Brevis,
988 2189 1046 2252 sed
1063 2191 1152 2252 ctiam

229 2278 302 2336 sate
322 2272 427 2333 datum
448 2271 614 2350 monitorii,
636 2279 791 2332 cessatum
814 2279 879 2334 erat
900 2285 920 2332 a
940 2272 1055 2336 libellis
1080 2273 1152 2332 meis

228 2353 356 2438 edendis
375 2351 425 2436 ¹),
458 2354 596 2434 exceptis
622 2353 882 2434 resolutionibus,
916 2373 992 2434 ques
1021 2355 1152 2416 necdum

204 2477 207 2485 ·
228 2437 340 2500 citatus
365 2437 457 2517 plene
478 2436 683 2500 absolveram.
731 2435 793 2497 Sed
814 2437 889 2498 satis
910 2437 1027 2498 iudicat
1049 2457 1152 2513 nasus,

229 2519 422 2600 displicuisse
443 2518 653 2580 defensionem
678 2538 777 2580 meam
795 2519 953 2600 vulgarem
969 2519 1151 2600 quibusdum

229 2602 372 2678 cucullis,
410 2600 518 2680 quibus
553 2620 621 2670 oum
649 2621 714 2662 nou
742 2601 900 2681 cederem,
931 2601 1053 2683 lingunt
1079 2601 1152 2662 mihi

228 2683 408 2764 pontificem
430 2683 583 2763 quendam
606 2682 646 2744 de
666 2685 879 2764 permanentia
900 2685 982 2762 facti,
1010 2685 1051 2746 de
1073 2683 1152 2746 lama

228 2767 351 2827 notoria
390 2771 422 2826 et
460 2765 680 2844 inexcusabili,
716 2765 918 2830 divinantem.
974 2768 1038 2830 lete
1069 2769 1149 2830 enim

227 2847 291 2908 Leo
312 2848 363 2927 X,
384 2867 476 2928 quem
497 2848 542 2909 illi
563 2847 701 2930 fingunt,
730 2849 809 2912 lorte
831 2858 879 2911 est
900 2852 980 2912 inter
1000 2851 1151 2912 rationem

228 2930 275 2990 roi
295 2930 486 2992 rationabilis
509 2937 541 2993 et
560 2932 606 2992 rei
627 2933 840 2994 ratiocinantis
859 2941 961 2996 uatus.

661 1918 668 1929 a

602 3091 656 3100 ...-

191 3242 193 3245 ’
216 3245 220 3264 ³
267 3171 315 3305 ,ἐξ
333 3172 365 3295 li
385 3171 431 3296 {ll
447 3189 561 3314 oorriggii,
578 3171 961 3316 {iiindiuffimdavimus
980 3240 1057 3298 etin
1077 3249 1150 3298 textu
1173 3291 1177 3296 .

228 3313 371 3368 reddendo
397 3314 484 3374 secuti
510 3329 620 3380 sumus,
652 3319 716 3369 ente
743 3317 799 3370 hoc
831 3311 997 3371 vocabulum
1033 3317 1151 3370 cernitur

178 3420 188 3433 .
228 3385 344 3451 lanua,
366 3399 442 3454 once
460 3387 587 3454 arginem
609 3386 714 3440 babere
739 3386 848 3440 videtur
871 3403 907 3442 ex
931 3391 1052 3442 sensim
1074 3391 1150 3456 typo

208 3454 371 3521 ‘graphica‘
391 3458 523 3524 principia
550 3455 682 3510 lridern‘ei
702 3459 781 3510 iussu
808 3460 949 3528 instante,
977 3461 1081 3528 qnippe
1106 3459 1149 3526 qui

226 3523 380 3584 edituum
398 3525 501 3579 borum
518 3525 652 3580 Actorum
670 3527 718 3582 diu
737 3527 915 3600 dissuaserit,
938 3531 1060 3598 spatium
1078 3531 1148 3584 enirn

228 3592 321 3672 atera
338 3610 470 3648 veranum
495 3601 649 3650 strumento
674 3599 886 3670 typographico
903 3605 946 3654 ost
964 3599 1081 3654 oblitum
1099 3599 1149 3652 'nec

229 3662 283 3740 nisi
309 3664 400 3716 exitus
426 3670 534 3734 septem
560 3679 700 3721 versuum
722 3681 849 3725 accurata
877 3671 996 3740 discerni
1025 3673 1147 3740 possunt,

229 3727 296 3808 md,
315 3731 401 3812 Praei.
429 3735 506 3800 Quae
538 3742 692 3803 sequuntur
725 3742 798 3806 typis
828 3731 981 3804 manifestis
1014 3737 1147 3812 impressa

231 3795 270 3845 sic
287 3803 436 3869 incipiunt:
463 3805 621 3883 Deinde,
647 3807 715 3872 Quis
735 3809 810 3878 dix-lt
833 3813 957 3880 pontifici
975 3823 1021 3866 rua
1039 3819 1091 3867 etc.
