2600 4300
222 282 285 347 1‘24
469 284 664 340 Resolutionos
685 283 904 353 disputationum

223 452 308 514 cuius
331 452 510 531 paracleti.“
551 450 671 514 Eodem
693 454 758 515 iere
780 459 918 533 tempore
938 452 995 513 has
1016 450 1148 513 Resolu-

223 535 323 595 tiones
359 535 553 616 typographo
590 534 753 596 tra-didisse
787 536 906 596 videtur
940 532 1152 609 excudendas,

223 617 277 676 sed
301 619 425 697 segnius
448 636 538 697 quam
569 619 635 698 ipse
670 618 870 698 exspectabat
892 619 952 679 hoc
980 637 1061 697 opus
1085 617 1150 696 per-

223 698 390 777 ficiebatur,
412 701 515 779 itaque
536 701 586 760 die
607 700 649 761 X.
675 702 835 777 (velXV.)
867 702 938 781 [pro
951 700 1001 761 die
1026 703 1066 763 12
1081 700 1151 759 Fra·

223 790 300 843 trum
323 784 384 863 leg.
406 792 472 843 aut:
496 784 585 845 diei
610 784 704 845 Fratr.
728 784 767 844 tt.
789 785 828 845 M.
850 793 917 843 aut:
952 784 1042 843 divis.
1068 782 1151 862 Apo-

222 865 388 944 stolorum]
415 868 529 926 mensis
551 867 623 927 tutti
647 866 833 929 Wenceslao
855 867 965 944 Lince,
996 866 1152 945 theologo

223 956 255 1007 et
276 949 475 1009 ecclesiastae
493 950 671 1009 monasterii
698 950 901 1011 Eramitarurn
921 948 1154 1029 Nurmbergen-

223 1032 311 1109 sium,
333 1032 410 1091 haec
432 1032 549 1093 scribit:
586 1033 757 1110 „Misissem
786 1032 986 1113 probationes
1009 1050 1152 1091 mearum

223 1115 423 1193 positionum,
444 1114 498 1174 sed
512 1123 573 1175 mni
586 1116 690 1196 segnis
712 1124 759 1175 est
771 1122 876 1176 noster
891 1114 1163 1195 chalcographus.

223 1205 308 1257 utet
335 1198 400 1277 ipse
422 1200 497 1257 mire
520 1198 685 1259 discrucier
707 1218 725 1259 a
752 1198 915 1259 dilatione:
951 1206 1023 1259 sunt
1053 1198 1153 1257 ferme

230 1282 263 1343 18
285 1280 501 1341 conclusiones
523 1281 701 1357 absolutae,
736 1300 812 1360 quas
847 1282 962 1343 tentavi
993 1288 1026 1341 ut
1052 1282 1153 1339 mitte-

224 1366 322 1423 reru.“
364 1362 466 1425 lliedio
491 1364 614 1423 tandem
641 1384 748 1425 mense
771 1365 911 1444 Augusto
938 1364 1154 1425 resolutiones

225 1447 305 1525 typis
328 1458 416 1505 eraut
437 1447 618 1525 conlectae,
645 1467 751 1527 parurn
776 1455 877 1507 tamen
899 1449 1066 1524 correctis,
1098 1448 1153 1506 ita·

224 1548 284 1607 que
313 1548 367 1608 per
389 1528 578 1608 Spalatiuum
608 1530 739 1610 principi
760 1530 914 1592 Friderico
944 1550 996 1590 eas
1026 1530 1058 1591 d.
1083 1529 1180 1605 xxi,

224 1632 264 1671 m.
287 1611 417 1691 Augusti
445 1615 568 1673 mittens
599 1613 678 1673 haec
700 1613 819 1673 scribit:
856 1614 963 1691 „Mitto
985 1612 1154 1673 resolutio-

224 1714 280 1755 nes
303 1714 437 1755 mearum
461 1697 722 1775 propositionum,
752 1697 805 1756 scd
828 1696 977 1757 mendose
999 1714 1153 1755 excusas:

223 1778 268 1837 ita
291 1776 389 1837 obfuit
411 1798 480 1837 ntea
501 1778 659 1857 aliquanta
680 1779 850 1841 absentia.“

230 1930 236 1935 .
308 1859 455 1921 Lutherus
488 1862 519 1921 in
546 1861 593 1921 his
612 1862 852 1923 resolutionibus
879 1860 1015 1941 singulas
1046 1860 1152 1921 theses

224 1945 399 2023 propositas
412 1944 463 2003 'ita
485 1944 662 2023 distinguit,
686 1952 719 2004 ut
740 1946 903 2024 plerasque
919 1962 975 2025 pro
997 1946 1084 2004 veris
1107 1964 1153 2003 aa·

225 2035 322 2104 serat,
351 2025 498 2105 quasdam
523 2047 596 2087 vero
619 2028 773 2088 nonnisi
795 2026 970 2107 probabiles
992 2031 1023 2091 et
1048 2025 1152 2107 dispu-

223 2109 344 2187 tabiles,
365 2108 498 2190 ideoque
520 2112 717 2190 pertinaciter
739 2131 801 2172 non
816 2109 1024 2172 defendendas
1049 2109 1152 2171 deols-

223 2201 285 2268 ret,
322 2195 449 2254 omuino
471 2201 572 2254 autem
595 2195 657 2255 hoc
679 2201 807 2255 tractatu
831 2215 980 2255 summam
1003 2193 1150 2254 crudi-tio-

223 2296 305 2355 nem,
328 2277 490 2355 pietatem,
507 2277 603 2336 animi
623 2279 862 2358 generositatem
878 2277 1039 2358 praestitit,
1064 2297 1151 2354 „eas-

224 2378 300 2438 quc,
329 2359 566 2420 Sechendoriius
598 2361 697 2440 inquit
725 2361 756 2420 in
784 2361 898 2421 Hister.
926 2360 1105 2431 ‘Lutheram
1128 2359 1149 2436 l,

223 2463 253 2521 p.
276 2445 326 2515 37,
349 2443 374 2501 si
396 2442 513 2522 absque
528 2445 811 2525 praeoccupatione
833 2443 1096 2521 considerassent,
1119 2443 1148 2501 in

223 2532 324 2584 tantam
345 2525 406 2585 iras
428 2545 490 2586 non
514 2527 722 2586 exarsissent‘
748 2527 801 2600 (ci.
825 2525 958 2588 Walchii
979 2525 1095 2588 introd.
1118 2527 1147 2584 in

223 2607 256 2667 Τ.
289 2607 387 2668 XVlll
415 2608 492 2688 Opp.
520 2608 607 2670 huth.
643 2629 674 2688 p.
705 2611 742 2672 41
777 2617 852 2688 sm).
897 2608 998 2672 Etiam
1021 2608 1147 2670 Lutheri

222 2689 390 2750 adversarii
410 2690 592 2771 profitentur
613 2711 682 2752 euru
705 2691 752 2754 his
779 2691 1013 2771 probationibus
1036 2691 1147 2752 multo·

222 2793 287 2832 rum
311 2773 558 2834 benevolentiam
581 2775 639 2836 sibi
671 2777 921 2854 comparavisse,
949 2795 1018 2834 nam
1040 2775 1146 2834 Maim·

222 2855 346 2936 burgius
369 2857 488 2918 Jesuita
508 2858 540 2918 in
560 2857 917 2920 historiaLutherauismi
938 2857 1016 2918 haec
1038 2857 1145 2918 tradit:

223 2939 328 3017 „Haec
352 2939 494 3022 (Lutheri
514 2941 545 3000 in
569 2940 704 3000 thesibus
726 2941 788 3000 suis
802 2939 968 3020 probandis
991 2959 1028 3000 ao
1050 2939 1144 3000 resol-

222 3021 330 3082 vendis
353 3022 506 3103 exhibita)
531 3021 694 3084 methodus
710 3023 873 3084 multorum
896 3021 1143 3084 benevolentiam

223 3111 255 3166 et
280 3105 537 3186 approbationem
565 3107 594 3165 ci
621 3106 799 3167 conciliavit
819 3105 1030 3182 credentium,
1063 3105 1145 3166 bona

223 3188 285 3248 fide
316 3188 355 3248 ab
378 3208 416 3248 eo
445 3190 496 3269 agi
518 3208 577 3248 nec
603 3188 686 3248 aliud
721 3208 811 3268 quarn
841 3189 1002 3250 veritatem
1029 3191 1144 3268 quaeri,

170 3285 187 3298 “
223 3272 304 3333 unde
325 3272 364 3332 ab
386 3270 586 3348 adversariis,
607 3291 744 3350 quorum.
759 3273 880 3334 fraudes
905 3278 936 3332 et
957 3271 1070 3333 abusus
1094 3271 1143 3332 dc·

222 3361 351 3434 texerat,
372 3355 484 3415 iniuste
506 3373 562 3434 pro
574 3353 730 3415 haeretico
753 3375 821 3416 eum
846 3354 951 3435 haberi
973 3354 1142 3434 putabant*

225 3437 396 3517 (Secheud.
418 3437 493 3500 Hist.
517 3437 605 3498 Luth,
628 3440 648 3514 l,
669 3458 699 3518 p.
718 3439 789 3510 28).
833 3438 901 3512 Qua
923 3437 1057 3516 denique
1079 3445 1140 3498 tum

223 3521 314 3580 inerit
340 3520 489 3580 Lutherus
519 3521 691 3580 reverentia
722 3521 752 3580 in
784 3521 918 3600 Papam,
953 3527 1082 3600 apparet
1105 3541 1141 3580 ex

224 3602 335 3738 litciris,
357 3620 432 3678 quas
455 3621 515 3660 una
536 3621 606 3660 oum
628 3602 868 3663 resolutionibus
891 3602 930 3662 ad
954 3603 1089 3662 Leonem
1112 3602 1141 3663 X

226 3682 265 3744 dc
287 3683 320 3741 it.

307 3763 341 3826 lu
364 3763 519 3824 reddendo
542 3771 628 3826 textu
648 3766 872 3827 resolutiouum
901 3785 958 3828 uos
982 3767 1079 3826 secuti
1095 3785 1140 3826 su·
