<?xml version="1.0" encoding="UTF-8"?>
<!DOCTYPE html PUBLIC "-//W3C//DTD XHTML 1.0 Transitional//EN"
    "http://www.w3.org/TR/xhtml1/DTD/xhtml1-transitional.dtd">
<html xmlns="http://www.w3.org/1999/xhtml" xml:lang="en" lang="en">
 <head>
  <title>
</title>
<meta http-equiv="Content-Type" content="text/html;charset=utf-8" />
  <meta name='ocr-system' content='tesseract 3.04.00' />
  <meta name='ocr-capabilities' content='ocr_page ocr_carea ocr_par ocr_line ocrx_word'/>
</head>
<body>
  <div class='ocr_page' id='page_1' title='image "./operalatinavari06schmgoog_0102.png"; bbox 0 0 2600 4300; ppageno 0'>
   <div class='ocr_carea' id='block_1_1' title="bbox 224 289 862 369">
    <p class='ocr_par' dir='ltr' id='par_1_1' title="bbox 224 289 862 369">
     <span class='ocr_line' id='line_1_1' title="bbox 224 289 862 369; baseline 0.006 -4"><span class='ocrx_word' id='word_1_1' title='bbox 224 289 269 364; x_wconf 79' lang='lat' dir='ltr'>tt</span> <span class='ocrx_word' id='word_1_2' title='bbox 511 297 645 369; x_wconf 66' lang='lat' dir='ltr'>loton·</span> <span class='ocrx_word' id='word_1_3' title='bbox 660 295 862 368; x_wconf 62' lang='lat' dir='ltr'>mser.</span> 
     </span>
    </p>
   </div>
   <div class='ocr_carea' id='block_1_2' title="bbox 149 464 1149 1936">
    <p class='ocr_par' dir='ltr' id='par_1_2' title="bbox 226 464 1146 612">
     <span class='ocr_line' id='line_1_2' title="bbox 307 464 1146 549; baseline 0.004 -21"><span class='ocrx_word' id='word_1_4' title='bbox 307 465 349 528; x_wconf 76' lang='lat' dir='ltr'>Et</span> <span class='ocrx_word' id='word_1_5' title='bbox 368 465 410 530; x_wconf 83' lang='lat' dir='ltr'>ibi</span> <span class='ocrx_word' id='word_1_6' title='bbox 428 468 461 547; x_wconf 87' lang='lat'>1.</span> <span class='ocrx_word' id='word_1_7' title='bbox 484 464 612 547; x_wconf 69' lang='lat' dir='ltr'>quotu)</span> <span class='ocrx_word' id='word_1_8' title='bbox 641 485 662 528; x_wconf 85' lang='lat' dir='ltr'>e</span> <span class='ocrx_word' id='word_1_9' title='bbox 682 466 769 548; x_wconf 81' lang='lat' dir='ltr'>Pepe</span> <span class='ocrx_word' id='word_1_10' title='bbox 795 465 837 528; x_wconf 85' lang='lat' dir='ltr'>ed</span> <span class='ocrx_word' id='word_1_11' title='bbox 859 465 1023 530; x_wconf 86' lang='lat' dir='ltr'>oonoiiiuor</span> <span class='ocrx_word' id='word_1_12' title='bbox 1045 469 1146 549; x_wconf 88' lang='lat' dir='ltr'>eppei-</span> 
     </span>
     <span class='ocr_line' id='line_1_3' title="bbox 226 547 731 612; baseline 0.004 -1"><span class='ocrx_word' id='word_1_13' title='bbox 226 547 291 611; x_wconf 85' lang='lat' dir='ltr'>lere</span> <span class='ocrx_word' id='word_1_14' title='bbox 312 568 374 612; x_wconf 89' lang='lat' dir='ltr'>non</span> <span class='ocrx_word' id='word_1_15' title='bbox 397 549 498 612; x_wconf 86' lang='lat' dir='ltr'>lioeet</span> <span class='ocrx_word' id='word_1_16' title='bbox 721 585 731 598; x_wconf 52' lang='grc' dir='ltr'><em>ι</em></span> 
     </span>
    </p>

    <p class='ocr_par' dir='ltr' id='par_1_3' title="bbox 224 629 1147 1126">
     <span class='ocr_line' id='line_1_4' title="bbox 308 629 1146 713; baseline 0.005 -21"><span class='ocrx_word' id='word_1_17' title='bbox 308 631 349 693; x_wconf 77' lang='lat' dir='ltr'>Et</span> <span class='ocrx_word' id='word_1_18' title='bbox 369 634 399 698; x_wconf 82' lang='lat'>2.</span> <span class='ocrx_word' id='word_1_19' title='bbox 420 629 504 713; x_wconf 87' lang='lat' dir='ltr'>qnod</span> <span class='ocrx_word' id='word_1_20' title='bbox 531 630 693 712; x_wconf 87' lang='lat' dir='ltr'>eppeilens</span> <span class='ocrx_word' id='word_1_21' title='bbox 715 651 735 694; x_wconf 87' lang='lat' dir='ltr'>e</span> <span class='ocrx_word' id='word_1_22' title='bbox 755 631 841 713; x_wconf 85' lang='lat' dir='ltr'>Peps</span> <span class='ocrx_word' id='word_1_23' title='bbox 863 629 901 694; x_wconf 84' lang='lat' dir='ltr'>ed</span> <span class='ocrx_word' id='word_1_24' title='bbox 922 631 1058 696; x_wconf 81' lang='lat' dir='ltr'>futurum</span> <span class='ocrx_word' id='word_1_25' title='bbox 1079 651 1146 696; x_wconf 90' lang='lat' dir='ltr'>oon·</span> 
     </span>
     <span class='ocr_line' id='line_1_5' title="bbox 226 713 1147 793; baseline 0.002 -17"><span class='ocrx_word' id='word_1_26' title='bbox 226 713 344 793; x_wconf 79' lang='lat' dir='ltr'>silium,</span> <span class='ocrx_word' id='word_1_27' title='bbox 372 713 484 776; x_wconf 83' lang='lat' dir='ltr'>nedum</span> <span class='ocrx_word' id='word_1_28' title='bbox 506 715 848 793; x_wconf 81' lang='lat' dir='ltr'>exeommunioetnev),</span> <span class='ocrx_word' id='word_1_29' title='bbox 877 733 983 778; x_wconf 86' lang='lat' dir='ltr'>verum</span> <span class='ocrx_word' id='word_1_30' title='bbox 1005 716 1098 777; x_wconf 80' lang='lat' dir='ltr'>etiem</span> <span class='ocrx_word' id='word_1_31' title='bbox 1118 727 1147 778; x_wconf 88' lang='lat' dir='ltr'>et</span> 
     </span>
     <span class='ocr_line' id='line_1_6' title="bbox 225 797 1147 878; baseline 0 -18"><span class='ocrx_word' id='word_1_32' title='bbox 225 797 355 860; x_wconf 86' lang='lat' dir='ltr'>etoiidue</span> <span class='ocrx_word' id='word_1_33' title='bbox 389 805 453 876; x_wconf 86' lang='lat' dir='ltr'>est,</span> <span class='ocrx_word' id='word_1_34' title='bbox 484 797 604 861; x_wconf 86' lang='lat' dir='ltr'>soiiioet</span> <span class='ocrx_word' id='word_1_35' title='bbox 629 797 656 858; x_wconf 88' lang='lat' dir='ltr'>ei</span> <span class='ocrx_word' id='word_1_36' title='bbox 685 797 808 878; x_wconf 80' lang='lat' dir='ltr'>ignoret</span> <span class='ocrx_word' id='word_1_37' title='bbox 829 815 863 858; x_wconf 90' lang='lat' dir='ltr'>ee</span> <span class='ocrx_word' id='word_1_38' title='bbox 884 797 1000 878; x_wconf 79' lang='lat' dir='ltr'>aliquid</span> <span class='ocrx_word' id='word_1_39' title='bbox 1023 804 1147 877; x_wconf 65' lang='lat' dir='ltr'>tentore</span> 
     </span>
     <span class='ocr_line' id='line_1_7' title="bbox 225 879 1145 961; baseline 0.002 -19"><span class='ocrx_word' id='word_1_40' title='bbox 225 879 308 960; x_wconf 81' lang='lat' dir='ltr'>quod</span> <span class='ocrx_word' id='word_1_41' title='bbox 330 880 398 948; x_wconf 88' lang='lat' dir='ltr'>eine</span> <span class='ocrx_word' id='word_1_42' title='bbox 416 881 464 942; x_wconf 92' lang='lat' dir='ltr'>eui</span> <span class='ocrx_word' id='word_1_43' title='bbox 486 879 664 958; x_wconf 65' lang='lat' dir='ltr'>adversarii,</span> <span class='ocrx_word' id='word_1_44' title='bbox 684 879 787 956; x_wconf 83' lang='lat' dir='ltr'>idest,</span> <span class='ocrx_word' id='word_1_45' title='bbox 808 879 913 961; x_wconf 84' lang='lat' dir='ltr'>Pepee</span> <span class='ocrx_word' id='word_1_46' title='bbox 927 900 1084 942; x_wconf 86' lang='lat' dir='ltr'>ooneensu</span> <span class='ocrx_word' id='word_1_47' title='bbox 1098 902 1145 944; x_wconf 84' lang='lat' dir='ltr'>ex-</span> 
     </span>
     <span class='ocr_line' id='line_1_8' title="bbox 224 961 1147 1044; baseline 0.003 -20"><span class='ocrx_word' id='word_1_48' title='bbox 224 961 310 1044; x_wconf 84' lang='lat' dir='ltr'>plere</span> <span class='ocrx_word' id='word_1_49' title='bbox 331 963 444 1043; x_wconf 78' lang='lat' dir='ltr'>nequit</span> <span class='ocrx_word' id='word_1_50' title='bbox 465 962 514 1024; x_wconf 86' lang='lat' dir='ltr'>vel</span> <span class='ocrx_word' id='word_1_51' title='bbox 535 962 699 1044; x_wconf 70' lang='lat' dir='ltr'>malignus,</span> <span class='ocrx_word' id='word_1_52' title='bbox 719 962 837 1024; x_wconf 77' lang='lat' dir='ltr'>seilicet</span> <span class='ocrx_word' id='word_1_53' title='bbox 857 963 882 1024; x_wconf 87' lang='lat' dir='ltr'>si</span> <span class='ocrx_word' id='word_1_54' title='bbox 904 963 966 1026; x_wconf 88' lang='lat' dir='ltr'>hoo</span> <span class='ocrx_word' id='word_1_55' title='bbox 988 982 1052 1026; x_wconf 92' lang='lat' dir='ltr'>non</span> <span class='ocrx_word' id='word_1_56' title='bbox 1066 965 1147 1044; x_wconf 79' lang='lat' dir='ltr'>igno·</span> 
     </span>
     <span class='ocr_line' id='line_1_9' title="bbox 224 1045 629 1126; baseline 0.005 -20"><span class='ocrx_word' id='word_1_57' title='bbox 224 1052 282 1124; x_wconf 80' lang='lat' dir='ltr'>ret,</span> <span class='ocrx_word' id='word_1_58' title='bbox 305 1050 337 1106; x_wconf 87' lang='lat' dir='ltr'>et</span> <span class='ocrx_word' id='word_1_59' title='bbox 356 1054 461 1108; x_wconf 87' lang='lat' dir='ltr'>temen</span> <span class='ocrx_word' id='word_1_60' title='bbox 482 1045 629 1126; x_wconf 74' lang='lat' dir='ltr'>appellet.</span> 
     </span>
    </p>

    <p class='ocr_par' dir='ltr' id='par_1_4' title="bbox 222 1127 1147 1291">
     <span class='ocr_line' id='line_1_10' title="bbox 306 1127 1147 1210; baseline 0.004 -22"><span class='ocrx_word' id='word_1_61' title='bbox 306 1128 347 1188; x_wconf 76' lang='lat' dir='ltr'>nt</span> <span class='ocrx_word' id='word_1_62' title='bbox 367 1131 396 1192; x_wconf 84' lang='lat'>3.</span> <span class='ocrx_word' id='word_1_63' title='bbox 417 1127 550 1209; x_wconf 75' lang='lat' dir='ltr'>quodw)</span> <span class='ocrx_word' id='word_1_64' title='bbox 592 1148 612 1190; x_wconf 89' lang='lat' dir='ltr'>o</span> <span class='ocrx_word' id='word_1_65' title='bbox 644 1127 777 1190; x_wconf 88' lang='lat' dir='ltr'>oonoilio</span> <span class='ocrx_word' id='word_1_66' title='bbox 805 1127 886 1190; x_wconf 88' lang='lat' dir='ltr'>lioits</span> <span class='ocrx_word' id='word_1_67' title='bbox 913 1128 1092 1210; x_wconf 86' lang='lat' dir='ltr'>eppelletur</span> <span class='ocrx_word' id='word_1_68' title='bbox 1110 1129 1147 1192; x_wconf 85' lang='lat' dir='ltr'>ud</span> 
     </span>
     <span class='ocr_line' id='line_1_11' title="bbox 222 1209 1027 1291; baseline 0.004 -19"><span class='ocrx_word' id='word_1_69' title='bbox 222 1209 340 1291; x_wconf 84' lang='lat' dir='ltr'>Pepem</span> <span class='ocrx_word' id='word_1_70' title='bbox 359 1211 518 1274; x_wconf 83' lang='lat' dir='ltr'>ebeentern</span> <span class='ocrx_word' id='word_1_71' title='bbox 550 1215 737 1272; x_wconf 87' lang='lat' dir='ltr'>uouentem</span> <span class='ocrx_word' id='word_1_72' title='bbox 760 1209 798 1272; x_wconf 89' lang='lat' dir='ltr'>ed</span> <span class='ocrx_word' id='word_1_73' title='bbox 821 1219 1027 1291; x_wconf 69' lang='lat' dir='ltr'><strong>praesentem.</strong></span> 
     </span>
    </p>

    <p class='ocr_par' dir='ltr' id='par_1_5' title="bbox 307 1255 943 1357">
     <span class='ocr_line' id='line_1_12' title="bbox 307 1255 943 1357; baseline 0 -3"><span class='ocrx_word' id='word_1_74' title='bbox 307 1293 348 1354; x_wconf 76' lang='lat' dir='ltr'>Et</span> <span class='ocrx_word' id='word_1_75' title='bbox 367 1296 397 1357; x_wconf 81' lang='lat'>4.</span> <span class='ocrx_word' id='word_1_76' title='bbox 418 1293 460 1356; x_wconf 91' lang='lat' dir='ltr'>ibi</span> <span class='ocrx_word' id='word_1_77' title='bbox 481 1255 641 1356; x_wconf 57' lang='lat' dir='ltr'>solvuntur</span> <span class='ocrx_word' id='word_1_78' title='bbox 663 1291 759 1354; x_wconf 85' lang='lat' dir='ltr'>multe</span> <span class='ocrx_word' id='word_1_79' title='bbox 780 1294 943 1356; x_wconf 74' lang='lat' dir='ltr'>contrarie.</span> 
     </span>
    </p>

    <p class='ocr_par' dir='ltr' id='par_1_6' title="bbox 149 1375 1149 1707">
     <span class='ocr_line' id='line_1_13' title="bbox 307 1375 1147 1458; baseline -0.002 -18"><span class='ocrx_word' id='word_1_80' title='bbox 307 1375 382 1458; x_wconf 83' lang='lat' dir='ltr'>Cep.</span> <span class='ocrx_word' id='word_1_81' title='bbox 406 1378 454 1440; x_wconf 74' lang='lat'>14.</span> <span class='ocrx_word' id='word_1_82' title='bbox 475 1376 600 1456; x_wconf 84' lang='lat' dir='ltr'>quoox)</span> <span class='ocrx_word' id='word_1_83' title='bbox 624 1394 770 1438; x_wconf 77' lang='lat' dir='ltr'>romanus</span> <span class='ocrx_word' id='word_1_84' title='bbox 787 1375 913 1438; x_wconf 78' lang='lat' dir='ltr'>Praesul</span> <span class='ocrx_word' id='word_1_85' title='bbox 936 1376 1022 1438; x_wconf 86' lang='lat' dir='ltr'>solus</span> <span class='ocrx_word' id='word_1_86' title='bbox 1047 1377 1086 1438; x_wconf 88' lang='lat' dir='ltr'>sit</span> <span class='ocrx_word' id='word_1_87' title='bbox 1106 1397 1147 1438; x_wconf 87' lang='lat' dir='ltr'>re·</span> 
     </span>
     <span class='ocr_line' id='line_1_14' title="bbox 149 1457 1149 1540; baseline 0.002 -20"><span class='ocrx_word' id='word_1_88' title='bbox 149 1473 157 1482; x_wconf 86' lang='lat'><em>·</em></span> <span class='ocrx_word' id='word_1_89' title='bbox 223 1458 373 1520; x_wconf 72' lang='lat' dir='ltr'>solutions</span> <span class='ocrx_word' id='word_1_90' title='bbox 393 1477 604 1540; x_wconf 81' lang='lat' dir='ltr'>supremorum</span> <span class='ocrx_word' id='word_1_91' title='bbox 633 1457 876 1537; x_wconf 72' lang='lat' dir='ltr'><strong>dubitationum,</strong></span> <span class='ocrx_word' id='word_1_92' title='bbox 907 1466 1015 1522; x_wconf 83' lang='lat' dir='ltr'>oontre</span> <span class='ocrx_word' id='word_1_93' title='bbox 1047 1458 1149 1532; x_wconf 75' lang='lat' dir='ltr'>edver-</span> 
     </span>
     <span class='ocr_line' id='line_1_15' title="bbox 223 1537 1148 1622; baseline 0 -18"><span class='ocrx_word' id='word_1_94' title='bbox 223 1543 336 1606; x_wconf 84' lang='lat' dir='ltr'>serium</span> <span class='ocrx_word' id='word_1_95' title='bbox 359 1541 528 1620; x_wconf 67' lang='lat' dir='ltr'>dicentem,</span> <span class='ocrx_word' id='word_1_96' title='bbox 562 1541 593 1602; x_wconf 90' lang='lat' dir='ltr'>in</span> <span class='ocrx_word' id='word_1_97' title='bbox 616 1540 663 1622; x_wconf 76' lang='lat' dir='ltr'>tuis</span> <span class='ocrx_word' id='word_1_98' title='bbox 685 1560 766 1621; x_wconf 81' lang='lat' dir='ltr'>quae</span> <span class='ocrx_word' id='word_1_99' title='bbox 786 1547 859 1604; x_wconf 88' lang='lat' dir='ltr'>sunt</span> <span class='ocrx_word' id='word_1_100' title='bbox 885 1537 957 1602; x_wconf 85' lang='lat' dir='ltr'>fidei</span> <span class='ocrx_word' id='word_1_101' title='bbox 984 1543 1148 1606; x_wconf 77' lang='lat' dir='ltr'>eonsilium</span> 
     </span>
     <span class='ocr_line' id='line_1_16' title="bbox 223 1623 538 1707; baseline 0 -21"><span class='ocrx_word' id='word_1_102' title='bbox 223 1644 368 1707; x_wconf 83' lang='lat' dir='ltr'>preeeese</span> <span class='ocrx_word' id='word_1_103' title='bbox 389 1623 538 1686; x_wconf 73' lang='lat' dir='ltr'>Pontifici.</span> 
     </span>
    </p>

    <p class='ocr_par' dir='ltr' id='par_1_7' title="bbox 222 1705 1149 1934">
     <span class='ocr_line' id='line_1_17' title="bbox 304 1705 1149 1787; baseline 0.002 -18"><span class='ocrx_word' id='word_1_104' title='bbox 304 1708 346 1769; x_wconf 80' lang='lat' dir='ltr'>Et</span> <span class='ocrx_word' id='word_1_105' title='bbox 374 1706 416 1768; x_wconf 91' lang='lat' dir='ltr'>ibi</span> <span class='ocrx_word' id='word_1_106' title='bbox 445 1712 472 1772; x_wconf 86' lang='lat' dir='ltr'>t.</span> <span class='ocrx_word' id='word_1_107' title='bbox 502 1705 584 1787; x_wconf 82' lang='lat' dir='ltr'>quod</span> <span class='ocrx_word' id='word_1_108' title='bbox 611 1706 699 1787; x_wconf 85' lang='lat' dir='ltr'>Pepe</span> <span class='ocrx_word' id='word_1_109' title='bbox 732 1705 1149 1783; x_wconf 56' lang='lat' dir='ltr'>ratesponensem</span> 
     </span>
     <span class='ocr_line' id='line_1_18' title="bbox 222 1787 1149 1934; baseline 0 -82"><span class='ocrx_word' id='word_1_110' title='bbox 222 1809 331 1934; x_wconf 51' lang='lat' dir='ltr'>aprina</span> <span class='ocrx_word' id='word_1_111' title='bbox 352 1791 550 1934; x_wconf 50' lang='lat' dir='ltr'>queestiogres</span> <span class='ocrx_word' id='word_1_112' title='bbox 569 1796 608 1934; x_wconf 76' lang='lat' dir='ltr'>ett</span> <span class='ocrx_word' id='word_1_113' title='bbox 621 1787 715 1932; x_wconf 47' lang='lat' dir='ltr'>origin</span> <span class='ocrx_word' id='word_1_114' title='bbox 737 1789 768 1930; x_wconf 63' lang='lat' dir='ltr'>{n</span> <span class='ocrx_word' id='word_1_115' title='bbox 790 1788 869 1868; x_wconf 85' lang='lat' dir='ltr'>fide,</span> <span class='ocrx_word' id='word_1_116' title='bbox 898 1789 1016 1854; x_wconf 87' lang='lat' dir='ltr'>iudioio</span> <span class='ocrx_word' id='word_1_117' title='bbox 1041 1792 1149 1852; x_wconf 85' lang='lat' dir='ltr'>eutori·</span> 
     </span>
    </p>

    <p class='ocr_par' dir='ltr' id='par_1_8' title="bbox 278 1890 777 1936">
     <span class='ocr_line' id='line_1_19' title="bbox 278 1890 777 1936; baseline 0.004 -4"><span class='ocrx_word' id='word_1_118' title='bbox 278 1892 318 1935; x_wconf 86' lang='lat' dir='ltr'>vo</span> <span class='ocrx_word' id='word_1_119' title='bbox 339 1893 482 1936; x_wconf 79' lang='lat' dir='ltr'>siverurr</span> <span class='ocrx_word' id='word_1_120' title='bbox 505 1890 595 1934; x_wconf 85' lang='lat' dir='ltr'>reoe</span> <span class='ocrx_word' id='word_1_121' title='bbox 628 1893 648 1933; x_wconf 93' lang='lat' dir='ltr'>u</span> <span class='ocrx_word' id='word_1_122' title='bbox 685 1891 777 1934; x_wconf 86' lang='lat' dir='ltr'>meo.</span> 
     </span>
    </p>
   </div>
   <div class='ocr_carea' id='block_1_3' title="bbox 217 1975 1148 3218">
    <p class='ocr_par' dir='ltr' id='par_1_9' title="bbox 222 1975 1148 2391">
     <span class='ocr_line' id='line_1_20' title="bbox 306 1975 1145 2059; baseline -0.002 -19"><span class='ocrx_word' id='word_1_123' title='bbox 306 1977 347 2040; x_wconf 77' lang='lat' dir='ltr'>nt</span> <span class='ocrx_word' id='word_1_124' title='bbox 374 1981 403 2042; x_wconf 83' lang='lat'>2.</span> <span class='ocrx_word' id='word_1_125' title='bbox 427 1977 510 2059; x_wconf 83' lang='lat' dir='ltr'>qood</span> <span class='ocrx_word' id='word_1_126' title='bbox 533 1978 559 2038; x_wconf 93' lang='lat' dir='ltr'>ei</span> <span class='ocrx_word' id='word_1_127' title='bbox 575 1977 615 2038; x_wconf 90' lang='lat' dir='ltr'>de</span> <span class='ocrx_word' id='word_1_128' title='bbox 626 1975 760 2038; x_wconf 88' lang='lat' dir='ltr'>eonoilio</span> <span class='ocrx_word' id='word_1_129' title='bbox 772 1975 945 2056; x_wconf 77' lang='lat' dir='ltr'>loquemur,</span> <span class='ocrx_word' id='word_1_130' title='bbox 966 1977 1051 2038; x_wconf 87' lang='lat' dir='ltr'>sient</span> <span class='ocrx_word' id='word_1_131' title='bbox 1073 1975 1145 2056; x_wconf 78' lang='lat' dir='ltr'>dez)</span> 
     </span>
     <span class='ocr_line' id='line_1_21' title="bbox 222 2059 1145 2140; baseline -0.002 -19"><span class='ocrx_word' id='word_1_132' title='bbox 222 2060 327 2140; x_wconf 82' lang='lat' dir='ltr'>etiqno</span> <span class='ocrx_word' id='word_1_133' title='bbox 348 2079 411 2121; x_wconf 90' lang='lat' dir='ltr'>non</span> <span class='ocrx_word' id='word_1_134' title='bbox 434 2061 534 2122; x_wconf 86' lang='lat' dir='ltr'>diviso</span> <span class='ocrx_word' id='word_1_135' title='bbox 556 2067 664 2122; x_wconf 85' lang='lat' dir='ltr'>eontre</span> <span class='ocrx_word' id='word_1_136' title='bbox 685 2059 876 2137; x_wconf 86' lang='lat' dir='ltr'>Pontifloem,</span> <span class='ocrx_word' id='word_1_137' title='bbox 898 2059 953 2121; x_wconf 85' lang='lat' dir='ltr'>esd</span> <span class='ocrx_word' id='word_1_138' title='bbox 966 2059 1145 2121; x_wconf 79' lang='lat' dir='ltr'>Pontifloem</span> 
     </span>
     <span class='ocr_line' id='line_1_22' title="bbox 222 2141 1148 2225; baseline 0.001 -23"><span class='ocrx_word' id='word_1_139' title='bbox 222 2143 314 2205; x_wconf 84' lang='lat' dir='ltr'>veinti</span> <span class='ocrx_word' id='word_1_140' title='bbox 343 2150 437 2225; x_wconf 91' lang='lat' dir='ltr'>oeput</span> <span class='ocrx_word' id='word_1_141' title='bbox 462 2142 653 2224; x_wconf 84' lang='lat' dir='ltr'>inotudente,</span> <span class='ocrx_word' id='word_1_142' title='bbox 685 2143 730 2203; x_wconf 89' lang='lat' dir='ltr'>sio</span> <span class='ocrx_word' id='word_1_143' title='bbox 765 2143 913 2205; x_wconf 82' lang='lat' dir='ltr'>entorites</span> <span class='ocrx_word' id='word_1_144' title='bbox 947 2141 1081 2207; x_wconf 84' lang='lat' dir='ltr'>Gonoilii</span> <span class='ocrx_word' id='word_1_145' title='bbox 1119 2151 1148 2204; x_wconf 89' lang='lat' dir='ltr'>et</span> 
     </span>
     <span class='ocr_line' id='line_1_23' title="bbox 222 2225 1147 2308; baseline 0 -21"><span class='ocrx_word' id='word_1_146' title='bbox 222 2226 326 2307; x_wconf 84' lang='lat' dir='ltr'>Pepee</span> <span class='ocrx_word' id='word_1_147' title='bbox 347 2227 493 2308; x_wconf 73' lang='lat' dir='ltr'>enelogie</span> <span class='ocrx_word' id='word_1_148' title='bbox 514 2246 576 2289; x_wconf 86' lang='lat' dir='ltr'>nne</span> <span class='ocrx_word' id='word_1_149' title='bbox 595 2227 659 2303; x_wconf 75' lang='lat' dir='ltr'>eo,</span> <span class='ocrx_word' id='word_1_150' title='bbox 693 2244 732 2287; x_wconf 83' lang='lat' dir='ltr'>ee</span> <span class='ocrx_word' id='word_1_151' title='bbox 759 2226 888 2307; x_wconf 79' lang='lat' dir='ltr'>perinde</span> <span class='ocrx_word' id='word_1_152' title='bbox 915 2225 967 2301; x_wconf 49' lang='lat' dir='ltr'>ed,</span> <span class='ocrx_word' id='word_1_153' title='bbox 985 2225 1147 2289; x_wconf 80' lang='lat' dir='ltr'>eonsilium</span> 
     </span>
     <span class='ocr_line' id='line_1_24' title="bbox 222 2307 1146 2391; baseline 0.001 -21"><span class='ocrx_word' id='word_1_154' title='bbox 222 2310 354 2391; x_wconf 87' lang='lat' dir='ltr'>pertinet</span> <span class='ocrx_word' id='word_1_155' title='bbox 375 2310 580 2371; x_wconf 84' lang='lat' dir='ltr'>determinere</span> <span class='ocrx_word' id='word_1_156' title='bbox 600 2309 640 2371; x_wconf 83' lang='lat' dir='ltr'>de</span> <span class='ocrx_word' id='word_1_157' title='bbox 660 2307 732 2386; x_wconf 80' lang='lat' dir='ltr'>tide,</span> <span class='ocrx_word' id='word_1_158' title='bbox 753 2309 813 2369; x_wconf 89' lang='lat' dir='ltr'>niei</span> <span class='ocrx_word' id='word_1_159' title='bbox 822 2308 963 2370; x_wconf 77' lang='lat' dir='ltr'>Pontifex</span> <span class='ocrx_word' id='word_1_160' title='bbox 975 2308 1146 2371; x_wconf 86' lang='lat' dir='ltr'>interdiont</span> 
     </span>
    </p>

    <p class='ocr_par' dir='ltr' id='par_1_10' title="bbox 306 2391 923 2458">
     <span class='ocr_line' id='line_1_25' title="bbox 306 2391 923 2458; baseline -0.002 -6"><span class='ocrx_word' id='word_1_161' title='bbox 306 2392 347 2453; x_wconf 76' lang='lat' dir='ltr'>nt</span> <span class='ocrx_word' id='word_1_162' title='bbox 367 2395 396 2458; x_wconf 85' lang='lat'>3.</span> <span class='ocrx_word' id='word_1_163' title='bbox 418 2393 460 2454; x_wconf 89' lang='lat' dir='ltr'>ibi</span> <span class='ocrx_word' id='word_1_164' title='bbox 483 2392 614 2455; x_wconf 81' lang='lat' dir='ltr'>edreree</span> <span class='ocrx_word' id='word_1_165' title='bbox 635 2391 732 2451; x_wconf 87' lang='lat' dir='ltr'>multe</span> <span class='ocrx_word' id='word_1_166' title='bbox 753 2391 923 2453; x_wconf 79' lang='lat' dir='ltr'>solvuntur.</span> 
     </span>
    </p>

    <p class='ocr_par' dir='ltr' id='par_1_11' title="bbox 217 2472 1147 3218">
     <span class='ocr_line' id='line_1_26' title="bbox 302 2472 1147 2557; baseline 0 -22"><span class='ocrx_word' id='word_1_167' title='bbox 302 2475 345 2536; x_wconf 81' lang='lat' dir='ltr'>nt</span> <span class='ocrx_word' id='word_1_168' title='bbox 369 2477 398 2539; x_wconf 83' lang='grc'><strong>4.</strong></span> <span class='ocrx_word' id='word_1_169' title='bbox 431 2475 561 2557; x_wconf 73' lang='lat' dir='ltr'>quode)</span> <span class='ocrx_word' id='word_1_170' title='bbox 599 2474 719 2537; x_wconf 84' lang='lat' dir='ltr'>romeni</span> <span class='ocrx_word' id='word_1_171' title='bbox 748 2474 901 2537; x_wconf 88' lang='lat' dir='ltr'>Preeeulie</span> <span class='ocrx_word' id='word_1_172' title='bbox 927 2472 1024 2535; x_wconf 88' lang='lat' dir='ltr'>eoiiue</span> <span class='ocrx_word' id='word_1_173' title='bbox 1057 2481 1104 2536; x_wconf 86' lang='lat' dir='ltr'>est</span> <span class='ocrx_word' id='word_1_174' title='bbox 1130 2494 1147 2535; x_wconf 91' lang='lat' dir='ltr'>e</span> 
     </span>
     <span class='ocr_line' id='line_1_27' title="bbox 221 2556 1147 2639; baseline -0.002 -20"><span class='ocrx_word' id='word_1_175' title='bbox 221 2556 291 2619; x_wconf 89' lang='lat' dir='ltr'>Deo</span> <span class='ocrx_word' id='word_1_176' title='bbox 312 2564 344 2619; x_wconf 89' lang='lat' dir='ltr'>et</span> <span class='ocrx_word' id='word_1_177' title='bbox 364 2578 385 2619; x_wconf 88' lang='lat' dir='ltr'>e</span> <span class='ocrx_word' id='word_1_178' title='bbox 404 2566 515 2621; x_wconf 84' lang='lat' dir='ltr'>netnre</span> <span class='ocrx_word' id='word_1_179' title='bbox 540 2558 692 2619; x_wconf 84' lang='lat' dir='ltr'>institutes</span> <span class='ocrx_word' id='word_1_180' title='bbox 713 2556 799 2637; x_wconf 76' lang='lat' dir='ltr'>leges</span> <span class='ocrx_word' id='word_1_181' title='bbox 819 2557 1025 2639; x_wconf 88' lang='lat' dir='ltr'>interpreteri,</span> <span class='ocrx_word' id='word_1_182' title='bbox 1049 2564 1082 2619; x_wconf 90' lang='lat' dir='ltr'>et</span> <span class='ocrx_word' id='word_1_183' title='bbox 1101 2557 1147 2618; x_wconf 77' lang='lat' dir='ltr'>de</span> 
     </span>
     <span class='ocr_line' id='line_1_28' title="bbox 221 2638 1145 2719; baseline 0.001 -19"><span class='ocrx_word' id='word_1_184' title='bbox 221 2639 339 2701; x_wconf 85' lang='lat' dir='ltr'>oiurere</span> <span class='ocrx_word' id='word_1_185' title='bbox 360 2642 390 2702; x_wconf 90' lang='lat' dir='ltr'>io</span> <span class='ocrx_word' id='word_1_186' title='bbox 413 2640 531 2719; x_wconf 81' lang='lat' dir='ltr'>dubiis,</span> <span class='ocrx_word' id='word_1_187' title='bbox 559 2639 672 2703; x_wconf 74' lang='lat' dir='ltr'>nednn</span> <span class='ocrx_word' id='word_1_188' title='bbox 694 2640 726 2699; x_wconf 92' lang='lat' dir='ltr'>in</span> <span class='ocrx_word' id='word_1_189' title='bbox 749 2640 902 2718; x_wconf 84' lang='lat' dir='ltr'>moribus,</span> <span class='ocrx_word' id='word_1_190' title='bbox 924 2638 979 2699; x_wconf 89' lang='lat' dir='ltr'>sed</span> <span class='ocrx_word' id='word_1_191' title='bbox 1003 2640 1097 2701; x_wconf 79' lang='lat' dir='ltr'>etiem</span> <span class='ocrx_word' id='word_1_192' title='bbox 1117 2641 1145 2701; x_wconf 91' lang='lat' dir='ltr'>in</span> 
     </span>
     <span class='ocr_line' id='line_1_29' title="bbox 221 2721 1145 2803; baseline -0.001 -21"><span class='ocrx_word' id='word_1_193' title='bbox 221 2723 432 2803; x_wconf 86' lang='lat' dir='ltr'>epeotentibns</span> <span class='ocrx_word' id='word_1_194' title='bbox 463 2723 504 2785; x_wconf 84' lang='lat' dir='ltr'>od</span> <span class='ocrx_word' id='word_1_195' title='bbox 536 2722 647 2799; x_wconf 82' lang='lat' dir='ltr'>fidem,</span> <span class='ocrx_word' id='word_1_196' title='bbox 680 2721 764 2802; x_wconf 84' lang='lat' dir='ltr'>qnod</span> <span class='ocrx_word' id='word_1_197' title='bbox 796 2722 838 2785; x_wconf 89' lang='lat' dir='ltr'>ibi</span> <span class='ocrx_word' id='word_1_198' title='bbox 871 2721 1087 2784; x_wconf 72' lang='lat' dir='ltr'>autoritatibus</span> <span class='ocrx_word' id='word_1_199' title='bbox 1119 2731 1145 2782; x_wconf 86' lang='lat' dir='ltr'>et</span> 
     </span>
     <span class='ocr_line' id='line_1_30' title="bbox 220 2804 1146 2887; baseline -0.001 -21"><span class='ocrx_word' id='word_1_200' title='bbox 220 2806 372 2887; x_wconf 84' lang='lat' dir='ltr'>exemplis</span> <span class='ocrx_word' id='word_1_201' title='bbox 393 2813 426 2867; x_wconf 90' lang='lat' dir='ltr'>et</span> <span class='ocrx_word' id='word_1_202' title='bbox 445 2804 615 2868; x_wconf 80' lang='lat' dir='ltr'>retionibue</span> <span class='ocrx_word' id='word_1_203' title='bbox 637 2812 847 2876; x_wconf 67' lang='lat' dir='ltr'>asseveretur,</span> <span class='ocrx_word' id='word_1_204' title='bbox 869 2804 982 2879; x_wconf 80' lang='lat' dir='ltr'>ethos</span> <span class='ocrx_word' id='word_1_205' title='bbox 1003 2804 1146 2886; x_wconf 86' lang='lat' dir='ltr'>probetur</span> 
     </span>
     <span class='ocr_line' id='line_1_31' title="bbox 220 2886 1147 2971; baseline 0.001 -24"><span class='ocrx_word' id='word_1_206' title='bbox 220 2906 325 2949; x_wconf 79' lang='lat' dir='ltr'>rerum</span> <span class='ocrx_word' id='word_1_207' title='bbox 348 2889 387 2950; x_wconf 84' lang='lat' dir='ltr'>de</span> <span class='ocrx_word' id='word_1_208' title='bbox 406 2890 660 2971; x_wconf 72' lang='lat' dir='ltr'>interpretatione</span> <span class='ocrx_word' id='word_1_209' title='bbox 679 2886 795 2949; x_wconf 86' lang='lat' dir='ltr'>nedum</span> <span class='ocrx_word' id='word_1_210' title='bbox 819 2887 980 2969; x_wconf 83' lang='lat' dir='ltr'>probebiii,</span> <span class='ocrx_word' id='word_1_211' title='bbox 1006 2906 1088 2968; x_wconf 87' lang='lat' dir='ltr'>ques</span> <span class='ocrx_word' id='word_1_212' title='bbox 1104 2896 1147 2949; x_wconf 88' lang='lat' dir='ltr'>eet</span> 
     </span>
     <span class='ocr_line' id='line_1_32' title="bbox 220 2969 1144 3051; baseline -0.002 -19"><span class='ocrx_word' id='word_1_213' title='bbox 220 2969 402 3045; x_wconf 86' lang='lat' dir='ltr'>Dootornro‚</span> <span class='ocrx_word' id='word_1_214' title='bbox 424 2990 531 3034; x_wconf 79' lang='lat' dir='ltr'>verum</span> <span class='ocrx_word' id='word_1_215' title='bbox 552 2972 644 3034; x_wconf 85' lang='lat' dir='ltr'>etiem</span> <span class='ocrx_word' id='word_1_216' title='bbox 666 2976 700 3031; x_wconf 89' lang='lat' dir='ltr'>et</span> <span class='ocrx_word' id='word_1_217' title='bbox 720 2972 906 3048; x_wconf 85' lang='lat' dir='ltr'>neeesserie,</span> <span class='ocrx_word' id='word_1_218' title='bbox 927 2971 970 3031; x_wconf 86' lang='lat' dir='ltr'>ite</span> <span class='ocrx_word' id='word_1_219' title='bbox 993 2971 1079 3051; x_wconf 89' lang='lat' dir='ltr'>qnod</span> <span class='ocrx_word' id='word_1_220' title='bbox 1092 2971 1144 3032; x_wconf 88' lang='lat' dir='ltr'>sub</span> 
     </span>
     <span class='ocr_line' id='line_1_33' title="bbox 217 3052 1144 3135; baseline -0.003 -19"><span class='ocrx_word' id='word_1_221' title='bbox 217 3073 320 3135; x_wconf 90' lang='lat' dir='ltr'>poene</span> <span class='ocrx_word' id='word_1_222' title='bbox 341 3062 485 3117; x_wconf 85' lang='lat' dir='ltr'>eeternne</span> <span class='ocrx_word' id='word_1_223' title='bbox 506 3072 545 3116; x_wconf 86' lang='lat' dir='ltr'>en</span> <span class='ocrx_word' id='word_1_224' title='bbox 565 3052 747 3135; x_wconf 85' lang='lat' dir='ltr'>temporniis</span> <span class='ocrx_word' id='word_1_225' title='bbox 776 3054 882 3115; x_wconf 87' lang='lat' dir='ltr'>mortis</span> <span class='ocrx_word' id='word_1_226' title='bbox 896 3055 962 3115; x_wconf 89' lang='lat' dir='ltr'>eins</span> <span class='ocrx_word' id='word_1_227' title='bbox 976 3053 1144 3115; x_wconf 77' lang='lat' dir='ltr'>decisiones</span> 
     </span>
     <span class='ocr_line' id='line_1_34' title="bbox 224 3137 1104 3218; baseline 0.001 -21"><span class='ocrx_word' id='word_1_228' title='bbox 224 3137 402 3218; x_wconf 82' lang='lat' dir='ltr'>sequendos</span> <span class='ocrx_word' id='word_1_229' title='bbox 424 3144 502 3200; x_wconf 90' lang='lat' dir='ltr'>sunt.</span> <span class='ocrx_word' id='word_1_230' title='bbox 1099 3158 1104 3174; x_wconf 71' lang='lat'><strong><em>¹</em></strong></span> 
     </span>
    </p>
   </div>
   <div class='ocr_carea' id='block_1_4' title="bbox 220 3366 1144 3725">
    <p class='ocr_par' dir='ltr' id='par_1_12' title="bbox 220 3366 1144 3725">
     <span class='ocr_line' id='line_1_35' title="bbox 271 3366 1144 3435; baseline 0.002 -14"><span class='ocrx_word' id='word_1_231' title='bbox 271 3369 306 3433; x_wconf 88' lang='lat' dir='ltr'>o)</span> <span class='ocrx_word' id='word_1_232' title='bbox 324 3366 422 3422; x_wconf 75' lang='lat' dir='ltr'>Furor.</span> <span class='ocrx_word' id='word_1_233' title='bbox 464 3366 498 3435; x_wconf 83' lang='lat' dir='ltr'>v)</span> <span class='ocrx_word' id='word_1_234' title='bbox 519 3366 597 3421; x_wconf 82' lang='lat' dir='ltr'>Sient</span> <span class='ocrx_word' id='word_1_235' title='bbox 613 3367 740 3423; x_wconf 82' lang='lat' dir='ltr'>Christus</span> <span class='ocrx_word' id='word_1_236' title='bbox 761 3383 779 3421; x_wconf 88' lang='lat' dir='ltr'>e</span> <span class='ocrx_word' id='word_1_237' title='bbox 796 3366 909 3422; x_wconf 83' lang='lat' dir='ltr'>Judeeie</span> <span class='ocrx_word' id='word_1_238' title='bbox 929 3371 1144 3423; x_wconf 82' lang='lat' dir='ltr'>exeommunioe·</span> 
     </span>
     <span class='ocr_line' id='line_1_36' title="bbox 220 3438 1143 3509; baseline 0.002 -17"><span class='ocrx_word' id='word_1_239' title='bbox 220 3443 265 3492; x_wconf 88' lang='lat' dir='ltr'>tue</span> <span class='ocrx_word' id='word_1_240' title='bbox 283 3445 336 3492; x_wconf 87' lang='lat' dir='ltr'>est.</span> <span class='ocrx_word' id='word_1_241' title='bbox 372 3444 412 3503; x_wconf 81' lang='lat' dir='ltr'>er)</span> <span class='ocrx_word' id='word_1_242' title='bbox 437 3438 578 3493; x_wconf 64' lang='lat' dir='ltr'>Senteoth</span> <span class='ocrx_word' id='word_1_243' title='bbox 595 3440 818 3509; x_wconf 73' lang='lat' dir='ltr'>Archimegietri.</span> <span class='ocrx_word' id='word_1_244' title='bbox 862 3438 898 3507; x_wconf 87' lang='lat' dir='ltr'>x)</span> <span class='ocrx_word' id='word_1_245' title='bbox 919 3439 986 3494; x_wconf 77' lang='lat' dir='ltr'>Sole</span> <span class='ocrx_word' id='word_1_246' title='bbox 1003 3447 1143 3509; x_wconf 75' lang='lat' dir='ltr'>possesso,</span> 
     </span>
     <span class='ocr_line' id='line_1_37' title="bbox 220 3509 1144 3581; baseline 0.005 -20"><span class='ocrx_word' id='word_1_247' title='bbox 220 3511 328 3563; x_wconf 82' lang='lat' dir='ltr'>etiemei</span> <span class='ocrx_word' id='word_1_248' title='bbox 346 3512 384 3563; x_wconf 89' lang='lat' dir='ltr'>eit</span> <span class='ocrx_word' id='word_1_249' title='bbox 400 3511 482 3565; x_wconf 86' lang='lat' dir='ltr'>inxte</span> <span class='ocrx_word' id='word_1_250' title='bbox 497 3509 707 3565; x_wconf 82' lang='lat' dir='ltr'>indootieeienns</span> <span class='ocrx_word' id='word_1_251' title='bbox 739 3518 768 3563; x_wconf 85' lang='lat' dir='ltr'>et</span> <span class='ocrx_word' id='word_1_252' title='bbox 792 3512 984 3579; x_wconf 79' lang='lat' dir='ltr'>ruptiseinune,</span> <span class='ocrx_word' id='word_1_253' title='bbox 1009 3516 1072 3581; x_wconf 84' lang='lat' dir='ltr'>quie</span> <span class='ocrx_word' id='word_1_254' title='bbox 1089 3515 1144 3581; x_wconf 85' lang='lat' dir='ltr'>ipse</span> 
     </span>
     <span class='ocr_line' id='line_1_38' title="bbox 222 3578 1142 3653; baseline 0.007 -22"><span class='ocrx_word' id='word_1_255' title='bbox 222 3578 295 3631; x_wconf 84' lang='lat' dir='ltr'>dixit</span> <span class='ocrx_word' id='word_1_256' title='bbox 310 3585 340 3631; x_wconf 86' lang='lat' dir='ltr'>et</span> <span class='ocrx_word' id='word_1_257' title='bbox 358 3581 431 3633; x_wconf 83' lang='lat' dir='ltr'>ieete</span> <span class='ocrx_word' id='word_1_258' title='bbox 448 3587 522 3635; x_wconf 79' lang='lat' dir='ltr'>eunt</span> <span class='ocrx_word' id='word_1_259' title='bbox 558 3583 593 3648; x_wconf 85' lang='lat' dir='ltr'>y)</span> <span class='ocrx_word' id='word_1_260' title='bbox 614 3582 644 3633; x_wconf 86' lang='lat' dir='ltr'>ld</span> <span class='ocrx_word' id='word_1_261' title='bbox 664 3586 714 3646; x_wconf 85' lang='lat' dir='ltr'>eet,</span> <span class='ocrx_word' id='word_1_262' title='bbox 733 3580 883 3649; x_wconf 75' lang='lat' dir='ltr'>soliterius,</span> <span class='ocrx_word' id='word_1_263' title='bbox 901 3582 1014 3647; x_wconf 78' lang='lat' dir='ltr'>seilicet,</span> <span class='ocrx_word' id='word_1_264' title='bbox 1037 3583 1142 3653; x_wconf 78' lang='lat' dir='ltr'>quaudo</span> 
     </span>
     <span class='ocr_line' id='line_1_39' title="bbox 220 3646 1142 3725; baseline 0.009 -26"><span class='ocrx_word' id='word_1_265' title='bbox 220 3649 250 3699; x_wconf 90' lang='lat' dir='ltr'>in</span> <span class='ocrx_word' id='word_1_266' title='bbox 280 3646 351 3700; x_wconf 81' lang='lat' dir='ltr'>lecto</span> <span class='ocrx_word' id='word_1_267' title='bbox 374 3649 487 3705; x_wconf 84' lang='lat' dir='ltr'>dormit.</span> <span class='ocrx_word' id='word_1_268' title='bbox 533 3652 564 3719; x_wconf 82' lang='lat' dir='ltr'>n)</span> <span class='ocrx_word' id='word_1_269' title='bbox 592 3653 735 3707; x_wconf 83' lang='lat' dir='ltr'>Dietinotio</span> <span class='ocrx_word' id='word_1_270' title='bbox 765 3653 896 3707; x_wconf 78' lang='lat' dir='ltr'>notebffle</span> <span class='ocrx_word' id='word_1_271' title='bbox 922 3659 949 3707; x_wconf 88' lang='lat' dir='ltr'>et</span> <span class='ocrx_word' id='word_1_272' title='bbox 971 3655 1142 3725; x_wconf 67' lang='lat' dir='ltr'>megisti-etis.</span> 
     </span>
    </p>
   </div>
   <div class='ocr_carea' id='block_1_5' title="bbox 223 3714 1142 3852">
    <p class='ocr_par' dir='ltr' id='par_1_13' title="bbox 223 3714 1142 3852">
     <span class='ocr_line' id='line_1_40' title="bbox 223 3714 1142 3852; baseline 0.015 -85"><span class='ocrx_word' id='word_1_273' title='bbox 223 3714 329 3852; x_wconf 41' lang='grc' dir='ltr'>ἓξὲξ.</span> <span class='ocrx_word' id='word_1_274' title='bbox 341 3732 399 3770; x_wconf 89' lang='lat' dir='ltr'>noo</span> <span class='ocrx_word' id='word_1_275' title='bbox 416 3720 548 3775; x_wconf 76' lang='lat' dir='ltr'>silvester</span> <span class='ocrx_word' id='word_1_276' title='bbox 566 3721 615 3775; x_wconf 84' lang='lat' dir='ltr'>eed</span> <span class='ocrx_word' id='word_1_277' title='bbox 636 3723 744 3793; x_wconf 79' lang='lat' dir='ltr'>Seten,</span> <span class='ocrx_word' id='word_1_278' title='bbox 762 3717 892 3794; x_wconf 79' lang='lat' dir='ltr'>prinoepe</span> <span class='ocrx_word' id='word_1_279' title='bbox 910 3724 1092 3794; x_wconf 77' lang='lat' dir='ltr'>doemonum,</span> <span class='ocrx_word' id='word_1_280' title='bbox 1109 3726 1142 3781; x_wconf 94' lang='lat' dir='ltr'>lo·</span> 
     </span>
    </p>
   </div>
   <div class='ocr_carea' id='block_1_6' title="bbox 0 0 1304 4300">
    <p class='ocr_par' dir='ltr' id='par_1_14' title="bbox 0 0 1304 4300">
     <span class='ocr_line' id='line_1_41' title="bbox 0 0 1304 4300; baseline 0 2"><span class='ocrx_word' id='word_1_281' title='bbox 0 0 1304 4300; x_wconf 95' lang='lat' dir='ltr'> </span> 
     </span>
    </p>
   </div>
  </div>
 </body>
</html>
