2600 4300
238 310 302 379 386
383 312 1015 385 mmm-lemurum

242 483 342 543 cimen
364 481 542 548 eruditionis
554 500 640 555 suae
660 481 822 563 praebens,
845 489 1021 564 susceptam
1036 502 1153 544 causam

167 635 179 639 ,
242 566 338 627 multo
351 565 516 644 dexterius}
527 561 1014 645 quemllttlltolebsdt,deleudit,
1035 566 1065 626 id
1077 568 1154 646 quod

239 647 367 713 domino
389 648 466 712 Phili
490 668 531 729 po
553 649 727 725 aFeilitsch
749 656 780 711 et
802 650 874 710 mihi
897 649 988 710 valde
1009 649 1154 731 placebat.

327 668 498 795 carunsils
512 740 622 813 postca
637 731 886 815 disputationem,
910 751 1004 813 quam
1014 732 1156 793 Lutherus

241 814 342 877 studio
367 815 501 876 veritatis
523 814 721 877 vehementer
732 814 906 897 expetebat.
928 815 1087 877 admittere
1108 834 1157 876 no

114 905 119 913 '
193 948 196 962 .
241 896 307 962 leus
335 896 519 979 postulavit,
559 905 592 959 ut
623 898 683 960 hac
711 898 742 959 in
775 906 862 980 parte
892 896 1042 959 Lutherus
1073 918 1155 959 suam

243 979 431 1044 Contionem
454 987 642 1043 retractaret.
694 980 755 1043 Sed
783 978 844 1042 hoo
864 980 1015 1043 Lutherus
1038 983 1157 1055 omniuo

240 1064 418 1137 recusabat,
446 1082 588 1126 asserens
617 1063 788 1125 doctrinam
816 1082 903 1125 suam
931 1082 1036 1125 versm
1071 1072 1158 1144 atque

240 1146 416 1229 Scripturae
434 1148 615 1209 testimoniis
637 1146 794 1208 lundatsrn
816 1166 900 1227 esse,
922 1146 1007 1227 quod
1029 1148 1055 1210 si
1076 1166 1158 1208 revo-

242 1237 336 1308 caret,
358 1248 475 1291 senon
500 1230 592 1292 modo
616 1239 725 1291 contra
746 1248 832 1289 suam
854 1231 1086 1306 conscientiam,
1107 1230 1157 1289 sed

242 1314 333 1377 etiarn
364 1322 471 1375 contra
499 1312 678 1375 Pontificem
706 1312 873 1392 lictorum,
903 1310 1156 1395 quemadmodum

179 1407 187 1421 ‘
241 1394 271 1457 id
288 1396 385 1459 etism
408 1394 540 1476 allegata
562 1394 616 1458 lex
635 1396 812 1477 pontilicis,
835 1396 883 1455 oui
906 1403 1069 1476 tantopere
1090 1392 1155 1457 (lar-

241 1478 350 1541 diualis
371 1478 458 1539 inniti
481 1478 643 1557 videretur,
665 1479 856 1559 apertissime
877 1478 1110 1543 demonstraret.
1150 1480 1158 1498 “

322 1560 459 1621 ‘laudem
482 1560 533 1621 ubi
547 1560 717 1622 Cardinalis
738 1560 811 1623 nihil
834 1562 891 1621 nisi
913 1562 1156 1623 retractationem

242 1650 411 1726 quaereret,
432 1642 580 1705 Lutherus
593 1662 663 1704 eum
685 1643 819 1727 supplex
833 1646 941 1722 crevit,
965 1652 999 1713 ut
1011 1642 1157 1707 eiusmodi

241 1744 424 1807 responsum
452 1745 514 1786 una
534 1744 602 1787 cum
634 1726 841 1789 obtestatione
869 1728 1156 1811 promptissimaque

240 1828 297 1871 sua
318 1808 477 1871 soluntste
497 1808 537 1869 ad
552 1808 732 1870 Pontificem
754 1808 921 1873 Maximum
944 1812 1157 1871 transmittere-

240 1898 297 1965 tur,
320 1890 472 1972 simulque
492 1910 617 1973 rogans,
638 1911 678 1953 ue
700 1898 761 1952 tem
785 1892 861 1953 duro
883 1899 976 1973 atque
987 1892 1089 1975 rigido
1111 1892 1157 1953 sd-

240 1993 346 2040 versus
380 1976 481 2057 ipsum
508 1974 622 2036 iudicio
658 1977 804 2037 sanctitas
839 1994 897 2037 sus
926 1982 1072 2053 uteretur.
1120 1974 1156 2036 Se

240 2059 321 2117 enim
348 2056 423 2120 nihil
451 2058 552 2139 magis
579 2066 735 2139 spectare,
768 2076 861 2139 quom
890 2066 923 2121 ut
950 2060 1021 2139 ipss
1048 2058 1156 2119 veritas

240 2134 375 2224 pillosam
397 2139 537 2203 obtinere
562 2149 678 2224 posset.
731 2140 822 2220 Quod
851 2142 877 2202 si
905 2143 997 2204 certis
1024 2146 1059 2203 et
1082 2142 1156 2202 veris

240 2223 409 2286 rationibus
420 2227 663 2303 convinceretur,
675 2243 870 2308 nequaquam
883 2224 1067 2287 erubescere
1081 2243 1156 2302 sess,

242 2308 422 2387 quominus,
456 2309 486 2368 in
520 2308 670 2370 honorem
707 2307 860 2384 veritatis,
907 2305 1043 2370 errorem
1072 2327 1155 2368 suum

213 2400 217 2414 ¹
240 2408 387 2452 revocure
408 2391 490 2469 velit,
514 2389 685 2453 cardinalis
706 2400 808 2454 tamen
830 2390 1027 2453 nihilominus
1050 2391 1081 2452 in
1103 2409 1154 2452 sua

240 2475 393 2553 sententia
417 2475 632 2554 perseveravit

324 2553 423 2618 Neruo
437 2562 596 2640 praeterea
606 2555 657 2617 hic
670 2563 726 2630 est,
743 2557 795 2636 qui
812 2555 935 2640 publica
951 2555 1155 2638 disputatione

242 2657 311 2700 cum
332 2637 465 2700 Luthero
487 2637 633 2718 congredi
660 2638 783 2700 audeat.
834 2637 976 2700 Monachi
1005 2639 1153 2718 ceterique

241 2722 307 2787 cius
329 2719 494 2784 adversarii
516 2740 634 2799 omnes,
656 2721 707 2802 qui
727 2720 859 2822 plurima
874 2725 984 2782 contra
1006 2721 1106 2802 ipsum
1126 2722 1153 2780 in

241 2802 288 2866 his
319 2803 458 2867 Comitils
491 2805 693 2886 scripserunt,
724 2821 785 2866 ram
820 2821 969 2884 nusquam
997 2812 1153 2902 apparent

240 2885 311 2951 Nos
333 2888 377 2950 its
407 2886 602 2948 discessimus
630 2907 650 2948 s
670 2886 847 2958 cardinale,
876 2895 907 2948 et
932 2886 984 2948 illo
1014 2887 1065 2947 dre
1091 2903 1153 2947 cour

240 2966 380 3032 Doctore
406 2967 564 3052 Staupicio
586 2989 624 3031 ac
653 2969 690 3030 D.
718 2968 851 3030 Luthero
887 2969 1008 3030 coeunti
1046 2987 1153 3030 sumus.

239 3051 317 3114 Post
342 3051 421 3113 haec
448 3053 557 3114 eodem
589 3052 640 3114 die
661 3051 831 3116 (landinalic
859 3051 898 3112 o'd
930 3071 964 3112 se
991 3051 1154 3113 Doctoreur

241 3135 380 3230 Btaupitu
401 3137 518 3196 accersi
539 3137 643 3215 iussit,
676 3137 724 3202 cui
745 3135 824 3196 inter
845 3134 906 3196 alia
935 3133 1028 3214 dlxlt,
1051 3153 1086 3196 se
1106 3134 1155 3195 Lu·

241 3221 329 3281 thero
350 3219 411 3280 iam
433 3217 651 3280 amicissimum
666 3237 734 3280 esse
749 3217 873 3296 lactum,
896 3217 985 3298 elque
1001 3217 1154 3278 exanimo

239 3301 344 3364 'lavere
366 3309 425 3364 etc.
461 3300 542 3376 Quid
563 3302 694 3382 posthac
715 3301 847 3362 tutorum
870 3301 918 3378 sit,
939 3301 1063 3382 ignoro.
1090 3299 1155 3361 Oar-

217 3384 351 3444 ·dinalis
373 3383 495 3464 quidem
520 3383 717 3444 vehementer
737 3381 872 3459 loborat,
903 3381 957 3443 sed
979 3390 1083 3444 tamen
1105 3381 1154 3443 Lu·

241 3463 360 3524 tlterum
381 3465 412 3524 iu
434 3465 525 3527 aliam
547 3467 728 3527 senteutiam
741 3465 910 3546 perducere
924 3464 1154 3526 hactenusnuu·

242 3561 333 3622 quam
356 3549 471 3627 potuit,
492 3567 513 3607 n
554 3567 593 3609 ue
613 3549 705 3608 etiam
726 3547 924 3628 persuadebit
942 3565 1100 3630 uuquam,
1126 3553 1155 3608 ut

242 3641 388 3688 revocare
410 3628 491 3690 velit.
557 3630 682 3692 otherus
709 3631 829 3702 omnis,
857 3644 937 3710 quse
963 3648 1034 3692 curn
1056 3628 1153 3696 dardi-

243 3705 313 3765 nate
338 3714 408 3770 sunt
432 3715 520 3787 acta,
552 3711 683 3794 publicis
715 3711 810 3774 literis
836 3711 1021 3774 excudenda
1050 3709 1152 3774 tradet

243 3781 369 3845 Venturi
390 3787 542 3860 Domimu
559 3811 654 3873 opem
675 3793 754 3859 terre
776 3791 925 3876 dignetur.
