2600 4300
181 328 184 336 .
251 284 313 351 142
477 288 694 378 ’misnense
714 290 817 360 ititpnt.
838 290 916 345 tum.

250 474 313 537 qno
333 464 365 518 et
385 456 445 537 ipsi
472 476 585 539 pspsm
616 465 648 520 et
675 459 781 523 sedem
802 462 1007 543 spostoliosm
1026 458 1172 541 blesphe-

251 546 336 602 mest
357 548 389 601 et
408 541 628 603 oriminenturi
649 542 714 605 Hos
738 564 797 626 ego
809 562 872 607 non
887 544 1098 625 inquisitores,
1121 542 1173 602 sed

249 624 590 693 insitnres'hseretiese
611 627 771 706 prsvitstis
804 628 900 690 libem
932 646 1011 689 vose
1040 644 1175 709 pronun-

252 706 376 769 m'suem.
418 707 511 778 Telos
531 716 562 769 et
583 715 646 769 mm
667 711 832 790 prudenter
865 713 985 792 positae
1013 716 1088 771 sunt
1114 709 1177 769 iere

250 808 358 852 omnes
380 792 605 873 nonniusiones,
628 811 704 872 ques
727 795 917 877 smpiissims
942 794 997 855 iiis
1026 800 1059 854 et
1087 793 1177 853 inno-

249 875 427 936 osntissims
445 894 582 955 pspyrns
601 877 716 955 psssim
733 878 915 955 oironmiert,
938 877 1081 940 subieotn
1094 878 1177 936 veni-

250 959 305 1019 tsti
327 976 389 1019 non
416 958 534 1023 volens.
577 958 662 1035 Qnss
684 962 709 1019 si
731 980 839 1023 omnes
860 962 974 1022 veliem
1002 960 1177 1037 noniutsre,

272 1040 358 1102 rendi
379 1041 536 1102 volumine
558 1060 636 1123 opus
658 1042 753 1123 iuret,
784 1052 815 1105 et
843 1051 941 1105 totum
974 1064 1058 1125 pene
1081 1043 1177 1103 oheos

249 1060 357 1199 Quarti
378 1124 604 1187 Sententiarum
626 1126 833 1188 evolvendum
856 1146 924 1188 eum
954 1129 1017 1188 suis
1040 1126 1179 1187 seriben-

211 1203 216 1209 ’
250 1207 345 1283 tibus,
368 1208 422 1268 sed
445 1216 495 1285 tu,
518 1208 630 1274 tentor:
656 1216 733 1271 esto
756 1210 885 1272 liberet
906 1211 1076 1288 candidus,
1118 1226 1177 1289 quo

250 1292 413 1371 possisen
434 1291 493 1355 issu
515 1310 576 1351 uns
598 1291 716 1353 dissere
738 1310 856 1355 omnes.

476 1484 480 1506 ¹
559 1492 781 1584 Conclusio
804 1494 860 1557 lV.

330 1622 435 1685 Manet
455 1622 558 1701 iisque
578 1640 698 1703 poene,
727 1620 829 1684 dones
856 1629 963 1682 menet
993 1622 1103 1683 odium
1132 1622 1176 1681 sni

252 1707 301 1785 (id
324 1713 387 1780 est,
418 1706 610 1784 poenitentis
639 1704 852 1788 versinus),
875 1702 1176 1784 soiiieetusqnssd

253 1790 409 1850 introitum
432 1790 519 1869 regni
540 1788 708 1850 coelorum.

467 1870 507 1930 nt
529 1871 609 1931 hene
629 1890 736 1932 assero
758 1878 789 1932 et
811 1870 952 1934 ostendo.

332 1954 445 2032 Primo,
466 1962 550 2014 enrts
572 1954 698 2033 sequeie
727 1961 871 2034 tanquam
900 1953 1102 2015 corollarium
1132 1970 1174 2011 se

249 2039 352 2117 qunur
371 2056 412 2097 ex
431 2037 531 2115 distis,
554 2038 626 2116 quis
648 2040 673 2097 si
698 2038 797 2097 omnis
826 2039 890 2097 vitu
912 2046 960 2097 est
981 2036 1175 2116 poenitentis

249 2127 377 2182 etmun
392 2119 526 2192 ‚utrium
557 2140 620 2181 nun
642 2120 743 2182 solum
764 2122 795 2181 in
817 2120 999 2182 voluntsniis
1030 2116 1175 2179 afflietio·

249 2203 354 2283 nitus,
376 2203 431 2264 sed
453 2205 546 2264 etism
566 2205 599 2264 in
621 2205 842 2266 tentsiionibns
864 2203 989 2281 disboti,
1013 2201 1122 2262 mnndi
1144 2207 1172 2260 et

251 2289 361 2366 semis,
384 2287 457 2366 quin
472 2288 564 2348 etism
585 2289 616 2346 in
633 2286 899 2368 persecutionibus
922 2297 952 2347 et
965 2285 1172 2366 passionibus,

251 2374 288 2431 nt
306 2370 546 2450 sxprseutstis,
577 2391 617 2430 ex
639 2371 789 2450 seriptum
822 2377 903 2452 tots,
938 2387 977 2430 ex
1013 2370 1174 2448 ipsiusmet

251 2454 359 2524 &neu
377 2462 569 2530 senmurum,
599 2462 632 2513 et
658 2456 793 2515 omnium
826 2461 993 2533 mni-tyrum
1022 2451 1173 2532 exemptis

251 2545 346 2618 putet
367 2545 484 2597 eertum
505 2543 562 2612 est,
585 2537 667 2616 quod
692 2555 765 2598 orux
786 2537 840 2598 itis
862 2555 958 2615 usqne
973 2535 1012 2596 sd
1033 2542 1171 2610 mortem,

252 2627 283 2682 et
305 2623 351 2686 sio
369 2620 410 2680 sd
431 2621 589 2681 introitum
611 2621 699 2701 regni
719 2620 817 2680 duret.

335 2703 497 2779 Secundo,
525 2703 598 2762 iilud
625 2710 712 2783 patet
739 2704 830 2764 etism
852 2705 883 2763 in
905 2703 973 2762 eliis
995 2701 1120 2761 muniis.
1142 2699 1170 2759 S.

251 2787 441 2868 Augustinus
463 2786 543 2845 Psoi.
566 2791 584 2849 7
607 2785 844 2866 poenitentiales
876 2785 933 2846 sibi
967 2785 1040 2845 feeit
1072 2781 1168 2858 smibi,

252 2878 359 2931 susos
381 2889 449 2930 oum
473 2870 604 2929 inprimis
627 2867 749 2946 erubet,
774 2879 805 2930 et
827 2869 1031 2930 meditnbstur
1051 2867 1168 2927 disens:

250 2955 564 3034 Etismsiepisoopus
584 2953 759 3032 quicunqne
779 2953 858 3012 iuste
879 2952 1004 3028 vixerit,
1035 2968 1099 3011 non
1122 2948 1168 3008 de·

250 3039 324 3100 bers
347 3045 448 3103 tsmsn
478 3037 544 3096 sine
572 3036 765 3115 poenitentis
797 3035 835 3095 de
871 3035 932 3096 hoo
960 3033 1076 3093 mundo
1102 3051 1166 3092 eum

251 3120 419 3182 dissensi-e.
462 3120 510 3179 Its
530 3125 560 3179 et
580 3119 613 3179 B.
627 3117 799 3178 Bernsrdus
820 3119 988 3199 agonisans
1011 3116 1166 3176 nlemsvit:

251 3205 374 3266 Perdite
394 3204 467 3271 vixi,
489 3203 562 3281 quis
584 3209 705 3282 tempus
727 3201 856 3281 perdidi,
878 3200 953 3261 nihii
974 3199 1091 3277 habeo,
1113 3198 1165 3260 nisi

252 3289 335 3370 qnod
358 3287 534 3364 seimonis
556 3303 609 3345 eor
632 3285 796 3345 connitum
820 3292 852 3345 st
872 3283 1066 3344 humiliatum
1089 3283 1165 3348 Deus

251 3393 313 3435 non
337 3370 497 3451 despicies.

333 3455 453 3531 Tertio,
486 3453 606 3512 rstions
633 3457 694 3513 tum
717 3449 769 3510 din
791 3469 866 3510 orux
888 3449 941 3508 iiis
957 3449 1161 3528 poenitentiss

252 3539 346 3600 debet
364 3537 484 3611 dnssre,
505 3535 606 3595 dones
626 3533 794 3592 seeundum
806 3533 980 3612 spostuium
999 3531 1164 3594 destruetur

253 3638 364 3696 eorpus
386 3620 514 3696 peoosti,
536 3623 567 3676 et
587 3622 695 3695 penest
716 3622 851 3676 vetustus
879 3615 968 3694 primi
991 3615 1078 3675 Adae
1100 3633 1159 3674 oum

254 3718 311 3758 sus
330 3699 463 3777 imagine
485 3706 516 3758 et
532 3697 707 3778 perficietur
727 3717 826 3758 novus
837 3697 937 3758 Adsm
953 3697 992 3757 nd
1004 3697 1159 3778 imaginem

254 3779 325 3840 Dei.
368 3779 428 3839 Sed
450 3787 611 3858 pensatum
630 3788 735 3840 msnst
755 3798 853 3860 usqne
874 3779 914 3841 sd
934 3787 1076 3860 montem,
1097 3779 1161 3840 iieet
