2600 4300
340 338 438 388 eontra
457 333 779 404 suspendissemus
798 333 885 389 indic.
1011 330 1073 400 485

151 507 189 568 in
212 525 286 567 suas
310 523 408 586 nugas
422 503 546 566 molitur
559 504 786 565 transformare.
808 503 903 566 Vides
924 505 993 576 iam,
1017 503 1076 564 hae
1181 488 1185 497 ’

150 590 280 652 ratione
300 589 430 650 Eccium
458 594 566 648 omnes¹
596 588 742 648 articulos
764 587 900 650 Vuicleff
925 579 962 647 ¹et
983 587 1074 666 Huss,

149 673 356 751 omniumque
374 670 581 732 Bohemorum
603 671 790 749 asseruisse,
820 669 992 732 defendisse
1024 670 1073 750 dc

147 762 258 831 creta,
297 773 467 833 omnesque
487 753 666 814 Decretales
688 771 877 832 evacuasse,
910 753 1072 814 concilium

151 838 396 900 Constanliensc
425 837 622 897 articulorum
644 836 856 898 damnatorum
881 843 977 917 eaput
993 836 1074 896 dam·
1128 881 1130 892 .

146 940 258 999 nasse,
279 927 312 982 et
332 919 461 980 mirabili
472 919 585 980 circulo
607 919 639 980 id
656 920 776 998 lusisse,
797 926 840 996 ut,
863 919 935 980 dum
947 939 1002 1000 pro
1026 937 1073 1000 ec

149 1005 254 1066 clesia
276 1010 384 1065 contra
404 1003 560 1064 Bohemos
582 1010 722 1084 pugnat,
754 1003 838 1064 velut
857 1005 982 1064 insanus
1004 1021 1075 1064 cou-

149 1095 203 1149 tra
224 1087 389 1148 ecclesiam
410 1105 466 1166 pro
488 1086 633 1146 Bohemis
658 1086 833 1166 triumphat.

238 1171 343 1232 Tertio
365 1175 397 1229 et
416 1168 507 1229 illud:
528 1169 575 1228 Tu
586 1187 619 1228 es
630 1169 737 1229 Petrus
753 1175 822 1248 etc,
844 1168 1074 1249 quandoverba
1197 1246 1199 1250 Ι

150 1253 269 1315 Christi
290 1258 362 1313 sunt
381 1259 503 1332 aperta,
525 1271 588 1313 non
610 1252 743 1328 cuilibet,
766 1253 821 1313 sed
843 1253 934 1314 beato
957 1252 1075 1314 Simoni

148 1338 307 1413 Bariona,
343 1336 395 1414 qui
415 1335 572 1396 revelante
592 1335 683 1396 Patre
705 1335 855 1397 Christum
884 1341 1076 1416 cognoverat

151 1429 187 1480 et
209 1419 371 1481 confessus
392 1418 500 1496 luerat,
522 1417 636 1478 dictum
659 1425 723 1479 est:
746 1419 792 1479 Tu
814 1439 847 1480 es
870 1418 1074 1498 Petrus,'Tibi

150 1502 249 1564 dabo.
280 1502 352 1563 Non
373 1503 547 1581 permittam
569 1501 631 1562 hoc
652 1502 746 1563 Eccio
769 1521 850 1578 meo,
873 1509 906 1562 ut
926 1502 987 1564 hoc
1008 1521 1073 1562 ver·

149 1587 228 1647 bum
250 1585 304 1645 ulli
324 1585 413 1645 elteri
434 1590 528 1664 aptet,
550 1603 642 1664 quam
665 1585 703 1662 ei,
727 1587 777 1664 qui
800 1585 906 1645 similis
928 1584 1074 1664 sitPetro,

150 1669 276 1730 habens
297 1667 408 1728 Christi
428 1668 664 1746 revelationem,
700 1673 731 1728 et
756 1670 894 1748 spiritum
926 1674 1074 1732 sanctum.

150 1752 236 1812 Nam
257 1752 350 1812 talem
376 1769 587 1812 suscessorem
599 1751 691 1812 Petro
712 1751 897 1812 haeoverbe
918 1757 1075 1831 quaerunt,

151 1853 216 1896 nec
247 1833 413 1914 quidquam
445 1834 561 1894 faciunt
587 1833 626 1893 ad
660 1853 886 1914 successorem,
919 1837 985 1895 siue
1013 1833 1075 1895 fide

150 1919 249 1995 Petri,
271 1918 324 1997 qui
345 1917 412 1977 aliis
424 1936 517 1996 quam
537 1918 603 1977 istis
619 1917 720 1978 verbis
742 1919 834 1978 statui
851 1917 951 1978 debet.
974 1917 1075 1992 Quare

151 2003 265 2062 iterum
287 2000 397 2060 Eccius
410 2000 573 2061 Donatista
594 1999 800 2080 etPighardus
822 2002 941 2082 cogitur
962 1999 1074 2078 dicere,

153 2084 257 2145 malos
279 2082 441 2165 pontifices
462 2102 525 2144 non
548 2101 617 2143 esse
637 2083 815 2165 pontifices,
839 2091 892 2144 eut
909 2083 991 2145 hunc
1012 2091 1075 2144 tex·

152 2176 221 2229 turn
245 2166 285 2228 ad
305 2166 405 2228 malos
425 2184 489 2228 non
509 2167 673 2246 pertinere,
697 2164 753 2229 scd
774 2174 892 2229 tentum
912 2167 1078 2246 adbonosg
1179 2182 1190 2201 ·

152 2258 189 2312 at
210 2251 310 2312 bonos
332 2255 433 2311 certos
455 2249 486 2328 ¹)
510 2268 602 2310 nemo
624 2251 721 2312 novit.
1017 2298 1023 2309 .

242 2333 344 2408 Quare
372 2334 404 2392 in
434 2350 568 2412 persona
594 2332 745 2393 ecclesiae
765 2334 835 2412 ipse
868 2353 924 2415 per
954 2334 1075 2395 Petrum

155 2416 242 2477 dicta
264 2421 388 2497 oportet
407 2415 553 2495 intelligi,
581 2434 641 2476 nec
661 2416 754 2477 hebet
773 2416 901 2491 Eccius,
923 2416 1006 2497 quod
1027 2416 1077 2477 hic

155 2498 323 2577 obtendat,
353 2499 413 2559 nisi
444 2498 524 2559 sorte
552 2499 686 2559 maiores
707 2500 852 2560 insanias.
886 2498 961 2560 Cum
995 2501 1075 2561 enim

153 2583 305 2663 primatus
326 2582 429 2662 Papae
450 2582 490 2641 sit
509 2600 559 2642 res
579 2587 704 2661 neutra,
732 2589 843 2662 potens
874 2582 1076 2644 administrari

154 2672 222 2726 tum
244 2684 264 2726 a
283 2663 391 2743 bonis,
427 2666 491 2725 tum
512 2684 532 2724 a
552 2664 657 2742 malis,
689 2672 789 2725 textus
818 2672 920 2727 sutem
941 2666 992 2725 hic
1013 2684 1075 2728 non

155 2747 196 2813 ds
217 2766 252 2809 re
272 2754 390 2827 neutra,
412 2747 468 2808 sed
490 2748 673 2823 necessaria,
697 2749 813 2809 scilicet
833 2746 903 2828 fide,
924 2749 1076 2828 loquatur,

156 2830 271 2893 deinde
290 2831 438 2911 primatus
457 2848 508 2890 res
529 2830 708 2911 temporalis
731 2838 908 2911 etenteme,
929 2830 1006 2893 fides
1026 2850 1075 2891 res

157 2914 325 2995 spiritualis
347 2919 379 2973 et
398 2914 529 2991 interna,
550 2913 664 2973 clarum
678 2920 753 3002 puto
765 2916 873 2993 cuivis,
895 2934 988 2997 quarn
1004 2920 1076 2995 apte

156 2997 295 3057 Casinum
314 2997 469 3057 temeritas
491 2996 569 3057 haec
591 2996 685 3057 verbe
706 2996 746 3058 de
778 2999 909 3078 primatu
931 3003 1075 3077 exponet.

240 3078 302 3142 Sed
338 3084 370 3140 et
394 3080 462 3159 ipse
492 3080 626 3141 sentiens
648 3079 902 3161 Chryscstomum
925 3081 982 3142 sibi
1003 3100 1074 3143 cou-

158 3164 285 3225 trerium
306 3161 402 3241 addit,
422 3162 506 3242 quod
526 3162 633 3223 Petrus
656 3182 711 3243 pro
734 3164 885 3240 apostolis
907 3163 1074 3245 responde·
1126 3198 1129 3209 =

156 3248 213 3324 rit,
250 3252 354 3307 tamen
384 3264 419 3306 os
449 3251 481 3306 et
501 3251 609 3307 vertex
629 3246 839 3327 apostolorum
863 3246 981 3310 dicitur.
1007 3246 1076 3309 Hoc

157 3328 356 3407 enimvolui,
377 3328 460 3408 quod
468 3328 574 3389 Petrus
595 3330 634 3390 sit
656 3349 691 3391 os
713 3330 943 3410 apostolorum,
966 3336 997 3390 et
1018 3348 1074 3411 pro

90 3453 91 3456 κ
158 3412 311 3493 apostolis
330 3411 515 3491 respondet,
538 3411 622 3491 quod
643 3419 674 3472 et
694 3411 899 3493 Hieronymus
921 3412 982 3475 hoc
1003 3412 1074 3475 loco

158 3494 241 3575 dicit,
264 3512 338 3576 ergo
359 3495 474 3555 nonin
495 3512 629 3574 persona
649 3514 721 3573 sua,
744 3495 799 3557 sed
821 3497 955 3557 omnium
978 3496 1074 3577 loqui-

159 3585 215 3639 tur.
237 3577 287 3640 An
308 3596 371 3639 non
388 3576 499 3639 accim
521 3576 639 3656 delirat,
662 3577 743 3657 quod
766 3579 843 3640 haec
860 3581 920 3659 'pro
941 3596 1076 3660 persone

158 3660 242 3725 Petri
260 3660 377 3723 inducit
397 3666 590 3739 contreme,
627 3678 706 3742 quac
726 3662 857 3743 ipsemet
887 3663 998 3723 fatetur
1018 3680 1075 3742 pro

229 3842 263 3913 1)
280 3842 315 3898 ln*
329 3842 373 3901 ad.
390 3840 469 3901 dem:
487 3830 584 3899 certe(
