<?xml version="1.0" encoding="UTF-8"?>
<!DOCTYPE html PUBLIC "-//W3C//DTD XHTML 1.0 Transitional//EN"
    "http://www.w3.org/TR/xhtml1/DTD/xhtml1-transitional.dtd">
<html xmlns="http://www.w3.org/1999/xhtml" xml:lang="en" lang="en">
 <head>
  <title>
</title>
<meta http-equiv="Content-Type" content="text/html;charset=utf-8" />
  <meta name='ocr-system' content='tesseract 3.04.00' />
  <meta name='ocr-capabilities' content='ocr_page ocr_carea ocr_par ocr_line ocrx_word'/>
</head>
<body>
  <div class='ocr_page' id='page_1' title='image "./operalatinavari06schmgoog_0365.png"; bbox 0 0 2600 4300; ppageno 0'>
   <div class='ocr_carea' id='block_1_1' title="bbox 467 323 1083 401">
    <p class='ocr_par' dir='ltr' id='par_1_1' title="bbox 467 323 1083 401">
     <span class='ocr_line' id='line_1_1' title="bbox 467 323 1083 401; baseline -0.013 -11"><span class='ocrx_word' id='word_1_1' title='bbox 467 323 607 401; x_wconf 60' lang='lat' dir='ltr'><strong>susim</strong></span> <span class='ocrx_word' id='word_1_2' title='bbox 623 324 776 389; x_wconf 65' lang='lat' dir='ltr'><strong>lsonlr&#39;x.</strong></span> <span class='ocrx_word' id='word_1_3' title='bbox 1013 328 1083 396; x_wconf 59' lang='lat'><strong>855</strong></span> 
     </span>
    </p>
   </div>
   <div class='ocr_carea' id='block_1_2' title="bbox 156 496 1080 671">
    <p class='ocr_par' dir='ltr' id='par_1_2' title="bbox 156 496 1080 671">
     <span class='ocr_line' id='line_1_2' title="bbox 156 496 1078 581; baseline 0.009 -24"><span class='ocrx_word' id='word_1_4' title='bbox 156 496 268 575; x_wconf 69' lang='lat' dir='ltr'><strong>fabae,</strong></span> <span class='ocrx_word' id='word_1_5' title='bbox 291 518 350 559; x_wconf 90' lang='lat' dir='ltr'><strong>nos</strong></span> <span class='ocrx_word' id='word_1_6' title='bbox 370 501 574 562; x_wconf 74' lang='lat' dir='ltr'><strong>temeritatem</strong></span> <span class='ocrx_word' id='word_1_7' title='bbox 594 520 682 563; x_wconf 84' lang='lat' dir='ltr'><strong>snam</strong></span> <span class='ocrx_word' id='word_1_8' title='bbox 705 507 872 581; x_wconf 80' lang='lat' dir='ltr'><strong>paternas</strong></span> <span class='ocrx_word' id='word_1_9' title='bbox 924 501 931 515; x_wconf 94' lang='lat'>&#39;</span> <span class='ocrx_word' id='word_1_10' title='bbox 975 518 1008 563; x_wconf 83' lang='lat' dir='ltr'><strong>re</strong></span> <span class='ocrx_word' id='word_1_11' title='bbox 1028 520 1078 565; x_wconf 83' lang='lat' dir='ltr'><strong>ro·</strong></span> 
     </span>
     <span class='ocr_line' id='line_1_3' title="bbox 157 579 1080 671; baseline 0.009 -32"><span class='ocrx_word' id='word_1_12' title='bbox 157 579 269 659; x_wconf 84' lang='lat' dir='ltr'><strong>lentes,</strong></span> <span class='ocrx_word' id='word_1_13' title='bbox 291 581 467 644; x_wconf 84' lang='lat' dir='ltr'><strong>Venerabili</strong></span> <span class='ocrx_word' id='word_1_14' title='bbox 477 582 574 644; x_wconf 82' lang='lat' dir='ltr'><strong>Fratri</strong></span> <span class='ocrx_word' id='word_1_15' title='bbox 594 591 701 646; x_wconf 89' lang='lat' dir='ltr'><strong>nostro</strong></span> <span class='ocrx_word' id='word_1_16' title='bbox 723 582 914 671; x_wconf 73' lang='lat' dir='ltr'><strong>Hieronymo</strong></span> <span class='ocrx_word' id='word_1_17' title='bbox 951 584 1080 665; x_wconf 71' lang='lat' dir='ltr'><strong>plsoono</strong></span> 
     </span>
    </p>
   </div>
   <div class='ocr_carea' id='block_1_3' title="bbox 149 662 1157 3559">
    <p class='ocr_par' dir='ltr' id='par_1_3' title="bbox 153 662 1135 1244">
     <span class='ocr_line' id='line_1_4' title="bbox 156 662 1080 747; baseline 0.008 -25"><span class='ocrx_word' id='word_1_18' title='bbox 156 662 337 745; x_wconf 82' lang='lat' dir='ltr'><strong>Asaulono,</strong></span> <span class='ocrx_word' id='word_1_19' title='bbox 373 665 483 727; x_wconf 80' lang='lat' dir='ltr'><strong>Curiae</strong></span> <span class='ocrx_word' id='word_1_20' title='bbox 510 684 672 728; x_wconf 76' lang='lat' dir='ltr'><strong>musarum</strong></span> <span class='ocrx_word' id='word_1_21' title='bbox 700 666 850 728; x_wconf 65' lang='lat' dir='ltr'><strong>(tamem</strong></span> <span class='ocrx_word' id='word_1_22' title='bbox 879 664 1080 747; x_wconf 80' lang='lat' dir='ltr'><strong>Apostolioae</strong></span> 
     </span>
     <span class='ocr_line' id='line_1_5' title="bbox 155 746 1077 833; baseline 0.007 -28"><span class='ocrx_word' id='word_1_23' title='bbox 155 746 297 826; x_wconf 83' lang='lat' dir='ltr'><strong>generali</strong></span> <span class='ocrx_word' id='word_1_24' title='bbox 317 747 459 833; x_wconf 70' lang='lat' dir='ltr'><strong>onolton,</strong></span> <span class='ocrx_word' id='word_1_25' title='bbox 476 751 694 827; x_wconf 70' lang='lat' dir='ltr'>commisimus,</span> <span class='ocrx_word' id='word_1_26' title='bbox 712 756 746 810; x_wconf 85' lang='lat' dir='ltr'><strong>ut</strong></span> <span class='ocrx_word' id='word_1_27' title='bbox 763 750 863 829; x_wconf 87' lang='lat' dir='ltr'><strong>ipsum</strong></span> <span class='ocrx_word' id='word_1_28' title='bbox 876 748 1077 825; x_wconf 79' lang='lat' dir='ltr'><strong>Martinuml&#39;)</strong></span> 
     </span>
     <span class='ocr_line' id='line_1_6' title="bbox 155 827 1081 913; baseline 0.005 -25"><span class='ocrx_word' id='word_1_29' title='bbox 155 827 195 888; x_wconf 90' lang='lat' dir='ltr'><strong>ad</strong></span> <span class='ocrx_word' id='word_1_30' title='bbox 218 830 462 912; x_wconf 73' lang='lat' dir='ltr'><strong>comparendum</strong></span> <span class='ocrx_word' id='word_1_31' title='bbox 473 833 689 913; x_wconf 59' lang='lat' dir='ltr'><strong>personaliter</strong></span> <span class='ocrx_word' id='word_1_32' title='bbox 708 850 812 893; x_wconf 83' lang='lat' dir='ltr'><strong>ooram</strong></span> <span class='ocrx_word' id='word_1_33' title='bbox 833 850 892 908; x_wconf 85' lang='lat' dir='ltr'><strong>eo,</strong></span> <span class='ocrx_word' id='word_1_34' title='bbox 920 838 952 896; x_wconf 85' lang='lat' dir='ltr'><strong>et</strong></span> <span class='ocrx_word' id='word_1_35' title='bbox 978 850 1013 893; x_wconf 85' lang='lat' dir='ltr'><strong>ae</strong></span> <span class='ocrx_word' id='word_1_36' title='bbox 1034 850 1081 893; x_wconf 83' lang='lat' dir='ltr'><strong>sr-</strong></span> 
     </span>
     <span class='ocr_line' id='line_1_7' title="bbox 154 913 1135 994; baseline 0.006 -23"><span class='ocrx_word' id='word_1_37' title='bbox 154 930 212 991; x_wconf 84' lang='lat' dir='ltr'><strong>per</strong></span> <span class='ocrx_word' id='word_1_38' title='bbox 231 915 410 993; x_wconf 77' lang='lat' dir='ltr'><strong>praemissis</strong></span> <span class='ocrx_word' id='word_1_39' title='bbox 432 915 694 993; x_wconf 84' lang='lat' dir='ltr'><strong>examinandum,</strong></span> <span class='ocrx_word' id='word_1_40' title='bbox 729 922 760 976; x_wconf 87' lang='lat' dir='ltr'><strong>et</strong></span> <span class='ocrx_word' id='word_1_41' title='bbox 797 914 928 994; x_wconf 73' lang='lat' dir='ltr'><strong>qualiter</strong></span> <span class='ocrx_word' id='word_1_42' title='bbox 954 914 994 976; x_wconf 86' lang='lat' dir='ltr'><strong>da</strong></span> <span class='ocrx_word' id='word_1_43' title='bbox 1019 913 1082 977; x_wconf 73' lang='lat' dir='ltr'><strong>lios</strong></span> <span class='ocrx_word' id='word_1_44' title='bbox 1132 948 1135 955; x_wconf 92' lang='lat'>·</span> 
     </span>
     <span class='ocr_line' id='line_1_8' title="bbox 155 996 1081 1079; baseline 0.004 -25"><span class='ocrx_word' id='word_1_45' title='bbox 155 997 289 1057; x_wconf 73' lang='lat' dir='ltr'><strong>sentiret</strong></span> <span class='ocrx_word' id='word_1_46' title='bbox 307 996 577 1078; x_wconf 79' lang='lat' dir='ltr'><strong>respondendum,</strong></span> <span class='ocrx_word' id='word_1_47' title='bbox 608 997 666 1060; x_wconf 88' lang='lat' dir='ltr'><strong>sub</strong></span> <span class='ocrx_word' id='word_1_48' title='bbox 688 998 779 1059; x_wconf 87' lang='lat' dir='ltr'><strong>oertis</strong></span> <span class='ocrx_word' id='word_1_49' title='bbox 800 998 909 1077; x_wconf 79' lang='lat' dir='ltr'><strong>poesis</strong></span> <span class='ocrx_word' id='word_1_50' title='bbox 931 1004 1081 1079; x_wconf 83' lang='lat' dir='ltr'><strong>moneret,</strong></span> 
     </span>
     <span class='ocr_line' id='line_1_9' title="bbox 153 1078 1080 1162; baseline 0.004 -25"><span class='ocrx_word' id='word_1_51' title='bbox 153 1079 288 1161; x_wconf 84' lang='lat' dir='ltr'><strong>ipseque</strong></span> <span class='ocrx_word' id='word_1_52' title='bbox 306 1079 512 1162; x_wconf 78' lang='lat' dir='ltr'><strong>Hieronymus</strong></span> <span class='ocrx_word' id='word_1_53' title='bbox 528 1081 650 1153; x_wconf 82' lang='lat' dir='ltr'><strong>auditor</strong></span> <span class='ocrx_word' id='word_1_54' title='bbox 665 1087 773 1142; x_wconf 85' lang='lat' dir='ltr'><strong>oontrs</strong></span> <span class='ocrx_word' id='word_1_55' title='bbox 792 1080 908 1141; x_wconf 74' lang='lat' dir='ltr'><strong>diatim</strong></span> <span class='ocrx_word' id='word_1_56' title='bbox 919 1078 1080 1141; x_wconf 69' lang='lat' dir='ltr'><strong>Matinum</strong></span> 
     </span>
     <span class='ocr_line' id='line_1_10' title="bbox 154 1161 992 1244; baseline 0.002 -22"><span class='ocrx_word' id='word_1_57' title='bbox 154 1162 356 1223; x_wconf 85' lang='lat' dir='ltr'><strong>monitorium</strong></span> <span class='ocrx_word' id='word_1_58' title='bbox 378 1161 563 1243; x_wconf 75' lang='lat' dir='ltr'><strong>huiusmodi,</strong></span> <span class='ocrx_word' id='word_1_59' title='bbox 585 1171 619 1225; x_wconf 89' lang='lat' dir='ltr'><strong>ut</strong></span> <span class='ocrx_word' id='word_1_60' title='bbox 638 1164 825 1244; x_wconf 70' lang='lat' dir='ltr'><strong>samninus,</strong></span> <span class='ocrx_word' id='word_1_61' title='bbox 846 1161 992 1224; x_wconf 81' lang='lat' dir='ltr'><strong>daorevit.</strong></span> 
     </span>
    </p>

    <p class='ocr_par' dir='ltr' id='par_1_4' title="bbox 150 1244 1082 1885">
     <span class='ocr_line' id='line_1_11' title="bbox 237 1244 1081 1327; baseline 0.001 -21"><span class='ocrx_word' id='word_1_62' title='bbox 237 1244 346 1327; x_wconf 78' lang='lat' dir='ltr'><strong>Nuper</strong></span> <span class='ocrx_word' id='word_1_63' title='bbox 357 1253 461 1307; x_wconf 85' lang='lat' dir='ltr'><strong>autem</strong></span> <span class='ocrx_word' id='word_1_64' title='bbox 483 1246 522 1321; x_wconf 80' lang='lat' dir='ltr'><strong>ad</strong></span> <span class='ocrx_word' id='word_1_65' title='bbox 545 1247 684 1309; x_wconf 84' lang='lat' dir='ltr'><strong>notitiam</strong></span> <span class='ocrx_word' id='word_1_66' title='bbox 694 1254 831 1307; x_wconf 84' lang='lat' dir='ltr'><strong>nostram</strong></span> <span class='ocrx_word' id='word_1_67' title='bbox 842 1244 975 1327; x_wconf 71' lang='lat' dir='ltr'><strong>devenit,</strong></span> <span class='ocrx_word' id='word_1_68' title='bbox 997 1246 1081 1327; x_wconf 87' lang='lat' dir='ltr'><strong>quod</strong></span> 
     </span>
     <span class='ocr_line' id='line_1_12' title="bbox 152 1322 1082 1410; baseline 0.002 -23"><span class='ocrx_word' id='word_1_69' title='bbox 152 1322 258 1388; x_wconf 82' lang='lat' dir='ltr'><strong>diotu&#39;s</strong></span> <span class='ocrx_word' id='word_1_70' title='bbox 278 1328 426 1390; x_wconf 75' lang='lat' dir='ltr'><strong>Martinus</strong></span> <span class='ocrx_word' id='word_1_71' title='bbox 449 1330 639 1410; x_wconf 77' lang='lat' dir='ltr'><strong>benignitate</strong></span> <span class='ocrx_word' id='word_1_72' title='bbox 659 1336 767 1391; x_wconf 82' lang='lat' dir='ltr'><strong>nostra</strong></span> <span class='ocrx_word' id='word_1_73' title='bbox 785 1327 899 1389; x_wconf 80' lang='lat' dir='ltr'><strong>abusus</strong></span> <span class='ocrx_word' id='word_1_74' title='bbox 930 1335 962 1389; x_wconf 87' lang='lat' dir='ltr'><strong>et</strong></span> <span class='ocrx_word' id='word_1_75' title='bbox 989 1328 1082 1389; x_wconf 69' lang='lat' dir='ltr'><strong>auda</strong></span> 
     </span>
     <span class='ocr_line' id='line_1_13' title="bbox 152 1409 1079 1492; baseline 0.001 -22"><span class='ocrx_word' id='word_1_76' title='bbox 152 1412 221 1471; x_wconf 88' lang='lat' dir='ltr'><strong>aior</strong></span> <span class='ocrx_word' id='word_1_77' title='bbox 242 1409 381 1492; x_wconf 75' lang='lat' dir='ltr'><strong>enectus,</strong></span> <span class='ocrx_word' id='word_1_78' title='bbox 402 1412 485 1473; x_wconf 87' lang='lat' dir='ltr'><strong>mala</strong></span> <span class='ocrx_word' id='word_1_79' title='bbox 503 1413 593 1473; x_wconf 85' lang='lat' dir='ltr'><strong>malis</strong></span> <span class='ocrx_word' id='word_1_80' title='bbox 613 1412 768 1488; x_wconf 76' lang='lat' dir='ltr'><strong>addendo,</strong></span> <span class='ocrx_word' id='word_1_81' title='bbox 789 1420 822 1471; x_wconf 84' lang='lat' dir='ltr'><strong>et</strong></span> <span class='ocrx_word' id='word_1_82' title='bbox 834 1411 1031 1491; x_wconf 85' lang='lat' dir='ltr'><strong>portinsoiter</strong></span> <span class='ocrx_word' id='word_1_83' title='bbox 1048 1412 1079 1471; x_wconf 90' lang='lat' dir='ltr'><strong>in</strong></span> 
     </span>
     <span class='ocr_line' id='line_1_14' title="bbox 150 1492 1078 1576; baseline 0 -22"><span class='ocrx_word' id='word_1_84' title='bbox 150 1493 278 1555; x_wconf 80' lang='lat' dir='ltr'><strong>haeresi</strong></span> <span class='ocrx_word' id='word_1_85' title='bbox 308 1494 518 1576; x_wconf 85' lang='lat' dir='ltr'><strong>persistendo,</strong></span> <span class='ocrx_word' id='word_1_86' title='bbox 552 1495 718 1557; x_wconf 84' lang='lat' dir='ltr'><strong>nonnullas</strong></span> <span class='ocrx_word' id='word_1_87' title='bbox 749 1492 828 1553; x_wconf 87' lang='lat' dir='ltr'><strong>alias</strong></span> <span class='ocrx_word' id='word_1_88' title='bbox 855 1492 1078 1555; x_wconf 77' lang='lat' dir='ltr'><strong>Conclusiousa</strong></span> 
     </span>
     <span class='ocr_line' id='line_1_15' title="bbox 150 1575 1079 1657; baseline 0 -21"><span class='ocrx_word' id='word_1_89' title='bbox 150 1594 189 1636; x_wconf 81' lang='lat' dir='ltr'><strong>oe</strong></span> <span class='ocrx_word' id='word_1_90' title='bbox 210 1576 354 1639; x_wconf 69' lang='lat' dir='ltr'><strong>famosos</strong></span> <span class='ocrx_word' id='word_1_91' title='bbox 380 1578 504 1641; x_wconf 84' lang='lat' dir='ltr'><strong>libellos</strong></span> <span class='ocrx_word' id='word_1_92' title='bbox 534 1579 676 1641; x_wconf 86' lang='lat' dir='ltr'><strong>similiter</strong></span> <span class='ocrx_word' id='word_1_93' title='bbox 696 1576 879 1657; x_wconf 73' lang='lat' dir='ltr'><strong>publicarit,</strong></span> <span class='ocrx_word' id='word_1_94' title='bbox 911 1578 942 1636; x_wconf 90' lang='lat' dir='ltr'><strong>in</strong></span> <span class='ocrx_word' id='word_1_95' title='bbox 971 1575 1079 1656; x_wconf 83' lang='lat' dir='ltr'><strong>quibus</strong></span> 
     </span>
     <span class='ocr_line' id='line_1_16' title="bbox 150 1659 1078 1738; baseline -0.001 -19"><span class='ocrx_word' id='word_1_96' title='bbox 150 1659 307 1720; x_wconf 87' lang='lat' dir='ltr'><strong>nonnulla</strong></span> <span class='ocrx_word' id='word_1_97' title='bbox 350 1660 411 1721; x_wconf 81' lang='lat' dir='ltr'><strong>alia</strong></span> <span class='ocrx_word' id='word_1_98' title='bbox 439 1661 595 1722; x_wconf 79' lang='lat' dir='ltr'><strong>haeretios</strong></span> <span class='ocrx_word' id='word_1_99' title='bbox 628 1666 662 1722; x_wconf 83' lang='lat' dir='ltr'><strong>et</strong></span> <span class='ocrx_word' id='word_1_100' title='bbox 703 1676 834 1721; x_wconf 78' lang='lat' dir='ltr'><strong>emanas</strong></span> <span class='ocrx_word' id='word_1_101' title='bbox 872 1659 1078 1738; x_wconf 79' lang='lat' dir='ltr'><strong>eontinentur,</strong></span> 
     </span>
     <span class='ocr_line' id='line_1_17' title="bbox 150 1740 1080 1885; baseline 0.001 -83"><span class='ocrx_word' id='word_1_102' title='bbox 150 1741 238 1885; x_wconf 57' lang='lat' dir='ltr'><strong>(ffid</strong></span> <span class='ocrx_word' id='word_1_103' title='bbox 261 1741 386 1823; x_wconf 82' lang='lat' dir='ltr'><strong>quidem</strong></span> <span class='ocrx_word' id='word_1_104' title='bbox 407 1750 541 1805; x_wconf 87' lang='lat' dir='ltr'><strong>mentam</strong></span> <span class='ocrx_word' id='word_1_105' title='bbox 573 1751 710 1805; x_wconf 88' lang='lat' dir='ltr'><strong>nostram</strong></span> <span class='ocrx_word' id='word_1_106' title='bbox 741 1758 804 1803; x_wconf 93' lang='lat' dir='ltr'><strong>non</strong></span> <span class='ocrx_word' id='word_1_107' title='bbox 837 1740 992 1803; x_wconf 82' lang='lat' dir='ltr'><strong>modinum</strong></span> <span class='ocrx_word' id='word_1_108' title='bbox 1013 1760 1080 1822; x_wconf 85' lang='lat' dir='ltr'><strong>per·</strong></span> 
     </span>
    </p>

    <p class='ocr_par' dir='ltr' id='par_1_5' title="bbox 222 1826 298 1887">
     <span class='ocr_line' id='line_1_18' title="bbox 222 1826 298 1887; baseline 0.013 -2"><span class='ocrx_word' id='word_1_109' title='bbox 222 1826 298 1887; x_wconf 84' lang='lat' dir='ltr'><strong>avit.</strong></span> 
     </span>
    </p>

    <p class='ocr_par' dir='ltr' id='par_1_6' title="bbox 149 1902 1157 3559">
     <span class='ocr_line' id='line_1_19' title="bbox 237 1902 1079 1990; baseline -0.001 -22"><span class='ocrx_word' id='word_1_110' title='bbox 237 1907 357 1989; x_wconf 74' lang='lat' dir='ltr'><strong>Quare,</strong></span> <span class='ocrx_word' id='word_1_111' title='bbox 379 1914 471 1990; x_wconf 88' lang='lat' dir='ltr'><strong>prout</strong></span> <span class='ocrx_word' id='word_1_112' title='bbox 493 1908 640 1990; x_wconf 87' lang='lat' dir='ltr'><strong>pastorali</strong></span> <span class='ocrx_word' id='word_1_113' title='bbox 668 1913 775 1968; x_wconf 83' lang='lat' dir='ltr'><strong>nostro</strong></span> <span class='ocrx_word' id='word_1_114' title='bbox 796 1904 945 1967; x_wconf 89' lang='lat' dir='ltr'><strong>inoumbit</strong></span> <span class='ocrx_word' id='word_1_115' title='bbox 965 1902 1079 1984; x_wconf 79' lang='lat' dir='ltr'><strong>allisio,</strong></span> 
     </span>
     <span class='ocr_line' id='line_1_20' title="bbox 150 1985 1078 2071; baseline -0.001 -21"><span class='ocrx_word' id='word_1_116' title='bbox 150 1991 181 2050; x_wconf 89' lang='lat' dir='ltr'><strong>in</strong></span> <span class='ocrx_word' id='word_1_117' title='bbox 203 1991 386 2071; x_wconf 82' lang='lat' dir='ltr'><strong>praemissis</strong></span> <span class='ocrx_word' id='word_1_118' title='bbox 396 2008 567 2071; x_wconf 84' lang='lat' dir='ltr'><strong>ooourrere,</strong></span> <span class='ocrx_word' id='word_1_119' title='bbox 588 1997 620 2052; x_wconf 90' lang='lat' dir='ltr'><strong>et</strong></span> <span class='ocrx_word' id='word_1_120' title='bbox 640 2009 680 2051; x_wconf 88' lang='lat' dir='ltr'><strong>ne</strong></span> <span class='ocrx_word' id='word_1_121' title='bbox 695 1991 791 2071; x_wconf 82' lang='lat' dir='ltr'><strong>postis</strong></span> <span class='ocrx_word' id='word_1_122' title='bbox 803 1985 978 2051; x_wconf 85' lang='lat' dir='ltr'><strong>huiusmodi</strong></span> <span class='ocrx_word' id='word_1_123' title='bbox 998 1985 1078 2049; x_wconf 82' lang='lat' dir='ltr'><strong>adeo</strong></span> 
     </span>
     <span class='ocr_line' id='line_1_21' title="bbox 149 2070 1078 2156; baseline -0.004 -23"><span class='ocrx_word' id='word_1_124' title='bbox 149 2073 300 2154; x_wconf 79' lang='lat' dir='ltr'><strong>invaleat,</strong></span> <span class='ocrx_word' id='word_1_125' title='bbox 322 2073 406 2155; x_wconf 84' lang='lat' dir='ltr'><strong>quod</strong></span> <span class='ocrx_word' id='word_1_126' title='bbox 420 2072 453 2151; x_wconf 87' lang='lat'><strong>²)</strong></span> <span class='ocrx_word' id='word_1_127' title='bbox 477 2074 662 2156; x_wconf 88' lang='lat' dir='ltr'><strong>simplioium</strong></span> <span class='ocrx_word' id='word_1_128' title='bbox 684 2074 804 2133; x_wconf 88' lang='lat' dir='ltr'><strong>animos</strong></span> <span class='ocrx_word' id='word_1_129' title='bbox 825 2070 956 2150; x_wconf 83' lang='lat' dir='ltr'><strong>infleiat,</strong></span> <span class='ocrx_word' id='word_1_130' title='bbox 978 2070 1078 2151; x_wconf 78' lang='lat' dir='ltr'><strong>prori-</strong></span> 
     </span>
     <span class='ocr_line' id='line_1_22' title="bbox 150 2149 1078 2238; baseline -0.001 -21"><span class='ocrx_word' id='word_1_131' title='bbox 150 2157 227 2219; x_wconf 85' lang='lat' dir='ltr'><strong>dere</strong></span> <span class='ocrx_word' id='word_1_132' title='bbox 248 2157 402 2237; x_wconf 79' lang='lat' dir='ltr'><strong>volentes,</strong></span> <span class='ocrx_word' id='word_1_133' title='bbox 423 2157 691 2238; x_wconf 77' lang='lat' dir='ltr'><strong>simnmspastioni</strong></span> <span class='ocrx_word' id='word_1_134' title='bbox 712 2163 783 2216; x_wconf 83' lang='lat' dir='ltr'><strong>tuas</strong></span> <span class='ocrx_word' id='word_1_135' title='bbox 806 2155 861 2229; x_wconf 83' lang='lat' dir='ltr'><strong>(de</strong></span> <span class='ocrx_word' id='word_1_136' title='bbox 877 2171 938 2236; x_wconf 86' lang='lat' dir='ltr'><strong>qua</strong></span> <span class='ocrx_word' id='word_1_137' title='bbox 958 2160 1021 2214; x_wconf 86' lang='lat' dir='ltr'><strong>tam</strong></span> <span class='ocrx_word' id='word_1_138' title='bbox 1037 2149 1078 2216; x_wconf 87' lang='lat' dir='ltr'><strong>ob</strong></span> 
     </span>
     <span class='ocr_line' id='line_1_23' title="bbox 151 2239 1077 2402; baseline 0 -19"><span class='ocrx_word' id='word_1_139' title='bbox 151 2240 348 2402; x_wconf 67' lang='lat' dir='ltr'><strong>tttlltl,</strong></span> <span class='ocrx_word' id='word_1_140' title='bbox 371 2239 1077 2398; x_wconf 61' lang='lat' dir='ltr'><strong>{tttztttt‘ttt‘tffttttttt</strong></span> 
     </span>
     <span class='ocr_line' id='line_1_24' title="bbox 150 2400 1078 2484; baseline -0.003 -19"><span class='ocrx_word' id='word_1_141' title='bbox 150 2404 216 2466; x_wconf 87' lang='lat' dir='ltr'><strong>bile</strong></span> <span class='ocrx_word' id='word_1_142' title='bbox 237 2405 408 2467; x_wconf 82' lang='lat' dir='ltr'><strong>membrum</strong></span> <span class='ocrx_word' id='word_1_143' title='bbox 430 2407 558 2484; x_wconf 80' lang='lat' dir='ltr'><strong>existis,</strong></span> <span class='ocrx_word' id='word_1_144' title='bbox 594 2407 746 2466; x_wconf 83' lang='lat' dir='ltr'><strong>sinoeram</strong></span> <span class='ocrx_word' id='word_1_145' title='bbox 767 2402 965 2467; x_wconf 83' lang='lat' dir='ltr'><strong>devotionem</strong></span> <span class='ocrx_word' id='word_1_146' title='bbox 987 2400 1078 2482; x_wconf 74' lang='lat' dir='ltr'><strong>plurri-</strong></span> 
     </span>
     <span class='ocr_line' id='line_1_25' title="bbox 150 2485 1078 2568; baseline -0.002 -21"><span class='ocrx_word' id='word_1_147' title='bbox 150 2504 237 2548; x_wconf 88' lang='lat' dir='ltr'><strong>mum</strong></span> <span class='ocrx_word' id='word_1_148' title='bbox 267 2490 302 2549; x_wconf 88' lang='lat' dir='ltr'><strong>in</strong></span> <span class='ocrx_word' id='word_1_149' title='bbox 328 2488 462 2550; x_wconf 85' lang='lat' dir='ltr'><strong>Domino</strong></span> <span class='ocrx_word' id='word_1_150' title='bbox 484 2485 688 2563; x_wconf 77' lang='lat' dir='ltr'><strong>confidimns)</strong></span> <span class='ocrx_word' id='word_1_151' title='bbox 718 2505 774 2568; x_wconf 88' lang='lat' dir='ltr'><strong>per</strong></span> <span class='ocrx_word' id='word_1_152' title='bbox 793 2494 972 2568; x_wconf 82' lang='lat' dir='ltr'><strong>praesentes</strong></span> <span class='ocrx_word' id='word_1_153' title='bbox 993 2503 1078 2546; x_wconf 82' lang='lat' dir='ltr'><strong>man·</strong></span> 
     </span>
     <span class='ocr_line' id='line_1_26' title="bbox 151 2566 1078 2654; baseline -0.005 -23"><span class='ocrx_word' id='word_1_154' title='bbox 151 2569 282 2651; x_wconf 83' lang='lat' dir='ltr'><strong>(lamus,</strong></span> <span class='ocrx_word' id='word_1_155' title='bbox 297 2578 332 2632; x_wconf 87' lang='lat' dir='ltr'><strong>ut</strong></span> <span class='ocrx_word' id='word_1_156' title='bbox 352 2571 469 2633; x_wconf 84' lang='lat' dir='ltr'><strong>eisdem</strong></span> <span class='ocrx_word' id='word_1_157' title='bbox 490 2571 704 2654; x_wconf 84' lang='lat' dir='ltr'><strong>praesentibus</strong></span> <span class='ocrx_word' id='word_1_158' title='bbox 724 2570 855 2650; x_wconf 72' lang='lat' dir='ltr'><strong>receptis</strong></span> <span class='ocrx_word' id='word_1_159' title='bbox 878 2567 994 2648; x_wconf 88' lang='lat' dir='ltr'><strong>absque</strong></span> <span class='ocrx_word' id='word_1_160' title='bbox 1016 2566 1078 2627; x_wconf 89' lang='lat' dir='ltr'><strong>ulla</strong></span> 
     </span>
     <span class='ocr_line' id='line_1_27' title="bbox 151 2650 1077 2736; baseline -0.005 -22"><span class='ocrx_word' id='word_1_161' title='bbox 151 2672 263 2736; x_wconf 82' lang='lat' dir='ltr'><strong>mora,</strong></span> <span class='ocrx_word' id='word_1_162' title='bbox 296 2656 442 2735; x_wconf 79' lang='lat' dir='ltr'><strong>quoniam</strong></span> <span class='ocrx_word' id='word_1_163' title='bbox 463 2674 513 2716; x_wconf 80' lang='lat' dir='ltr'><strong>res</strong></span> <span class='ocrx_word' id='word_1_164' title='bbox 535 2654 616 2735; x_wconf 81' lang='lat' dir='ltr'><strong>apud</strong></span> <span class='ocrx_word' id='word_1_165' title='bbox 638 2673 712 2732; x_wconf 85' lang='lat' dir='ltr'><strong>nos,</strong></span> <span class='ocrx_word' id='word_1_166' title='bbox 740 2660 805 2713; x_wconf 83' lang='lat' dir='ltr'><strong>tum</strong></span> <span class='ocrx_word' id='word_1_167' title='bbox 826 2669 866 2712; x_wconf 84' lang='lat' dir='ltr'><strong>ex</strong></span> <span class='ocrx_word' id='word_1_168' title='bbox 886 2650 984 2726; x_wconf 80' lang='lat' dir='ltr'><strong>lama,</strong></span> <span class='ocrx_word' id='word_1_169' title='bbox 1014 2656 1077 2710; x_wconf 85' lang='lat' dir='ltr'><strong>turn</strong></span> 
     </span>
     <span class='ocr_line' id='line_1_28' title="bbox 152 2729 1078 2820; baseline -0.006 -23"><span class='ocrx_word' id='word_1_170' title='bbox 152 2743 185 2797; x_wconf 85' lang='lat' dir='ltr'><strong>at</strong></span> <span class='ocrx_word' id='word_1_171' title='bbox 205 2735 257 2814; x_wconf 62' lang='lat'><strong>¹)=</strong></span> <span class='ocrx_word' id='word_1_172' title='bbox 275 2737 348 2798; x_wconf 78' lang='lat' dir='ltr'><strong>iacti</strong></span> <span class='ocrx_word' id='word_1_173' title='bbox 377 2739 605 2820; x_wconf 77' lang='lat' dir='ltr'><strong>permanentia,</strong></span> <span class='ocrx_word' id='word_1_174' title='bbox 639 2737 763 2797; x_wconf 89' lang='lat' dir='ltr'><strong>notoria</strong></span> <span class='ocrx_word' id='word_1_175' title='bbox 794 2740 826 2795; x_wconf 87' lang='lat' dir='ltr'><strong>et</strong></span> <span class='ocrx_word' id='word_1_176' title='bbox 860 2729 1078 2794; x_wconf 75' lang='lat' dir='ltr'><strong>inexcusabilis</strong></span> 
     </span>
     <span class='ocr_line' id='line_1_29' title="bbox 152 2814 1077 2902; baseline -0.006 -22"><span class='ocrx_word' id='word_1_177' title='bbox 152 2827 223 2902; x_wconf 81' lang='lat' dir='ltr'><strong>est,</strong></span> <span class='ocrx_word' id='word_1_178' title='bbox 257 2819 373 2882; x_wconf 78' lang='lat' dir='ltr'><strong>dietum</strong></span> <span class='ocrx_word' id='word_1_179' title='bbox 396 2822 556 2881; x_wconf 74' lang='lat' dir='ltr'><strong>Martinam</strong></span> <span class='ocrx_word' id='word_1_180' title='bbox 587 2820 775 2890; x_wconf 74' lang='lat' dir='ltr'><strong>haereticum</strong></span> <span class='ocrx_word' id='word_1_181' title='bbox 807 2814 1077 2898; x_wconf 77' lang='lat' dir='ltr'><strong>perpraedictum</strong></span> 
     </span>
     <span class='ocr_line' id='line_1_30' title="bbox 153 2899 1078 2982; baseline -0.005 -19"><span class='ocrx_word' id='word_1_182' title='bbox 153 2902 327 2965; x_wconf 73' lang='lat' dir='ltr'><strong>auditorem</strong></span> <span class='ocrx_word' id='word_1_183' title='bbox 349 2904 412 2964; x_wconf 89' lang='lat' dir='ltr'><strong>iam</strong></span> <span class='ocrx_word' id='word_1_184' title='bbox 433 2903 621 2965; x_wconf 86' lang='lat' dir='ltr'><strong>deolarstum</strong></span> <span class='ocrx_word' id='word_1_185' title='bbox 633 2902 682 2972; x_wconf 79' lang='lat' dir='ltr'><strong>¹od</strong></span> <span class='ocrx_word' id='word_1_186' title='bbox 700 2899 903 2982; x_wconf 81' lang='lat' dir='ltr'><strong>personaliter</strong></span> <span class='ocrx_word' id='word_1_187' title='bbox 923 2915 1028 2959; x_wconf 83' lang='lat' dir='ltr'><strong>oorsrn</strong></span> <span class='ocrx_word' id='word_1_188' title='bbox 1047 2903 1078 2958; x_wconf 84' lang='lat' dir='ltr'><strong>te</strong></span> 
     </span>
     <span class='ocr_line' id='line_1_31' title="bbox 153 2978 1078 3068; baseline -0.008 -21"><span class='ocrx_word' id='word_1_189' title='bbox 153 2984 411 3068; x_wconf 73' lang='lat' dir='ltr'><strong>comparendum,</strong></span> <span class='ocrx_word' id='word_1_190' title='bbox 436 2987 583 3047; x_wconf 75' lang='lat' dir='ltr'><strong>invocato</strong></span> <span class='ocrx_word' id='word_1_191' title='bbox 603 2985 644 3046; x_wconf 86' lang='lat' dir='ltr'><strong>ad</strong></span> <span class='ocrx_word' id='word_1_192' title='bbox 667 2985 726 3046; x_wconf 83' lang='lat' dir='ltr'><strong>hoe</strong></span> <span class='ocrx_word' id='word_1_193' title='bbox 748 2991 809 3044; x_wconf 87' lang='lat' dir='ltr'><strong>tam</strong></span> <span class='ocrx_word' id='word_1_194' title='bbox 833 2978 1022 3059; x_wconf 46' lang='lat' dir='ltr'><strong>mussini&amp;</strong></span> <span class='ocrx_word' id='word_1_195' title='bbox 1046 2981 1078 3040; x_wconf 93' lang='lat' dir='ltr'><strong>in</strong></span> 
     </span>
     <span class='ocr_line' id='line_1_32' title="bbox 153 3063 1077 3144; baseline -0.008 -14"><span class='ocrx_word' id='word_1_196' title='bbox 153 3067 279 3130; x_wconf 70' lang='lat' dir='ltr'><strong>Christo</strong></span> <span class='ocrx_word' id='word_1_197' title='bbox 301 3067 356 3129; x_wconf 85' lang='lat' dir='ltr'><strong>lilii</strong></span> <span class='ocrx_word' id='word_1_198' title='bbox 375 3071 473 3130; x_wconf 78' lang='lat' dir='ltr'><strong>nostri</strong></span> <span class='ocrx_word' id='word_1_199' title='bbox 493 3069 693 3129; x_wconf 79' lang='lat' dir='ltr'><strong>Maximilisni</strong></span> <span class='ocrx_word' id='word_1_200' title='bbox 715 3067 924 3126; x_wconf 81' lang='lat' dir='ltr'><strong>Romanorum</strong></span> <span class='ocrx_word' id='word_1_201' title='bbox 946 3063 1077 3144; x_wconf 74' lang='lat' dir='ltr'><strong>lmp&#39;era-</strong></span> 
     </span>
     <span class='ocr_line' id='line_1_33' title="bbox 153 3146 1157 3232; baseline -0.01 -19"><span class='ocrx_word' id='word_1_202' title='bbox 153 3153 230 3212; x_wconf 82' lang='lat' dir='ltr'><strong>toris</strong></span> <span class='ocrx_word' id='word_1_203' title='bbox 252 3151 355 3230; x_wconf 81' lang='lat' dir='ltr'><strong>electi,</strong></span> <span class='ocrx_word' id='word_1_204' title='bbox 376 3170 468 3232; x_wconf 88' lang='lat' dir='ltr'><strong>quarn</strong></span> <span class='ocrx_word' id='word_1_205' title='bbox 488 3151 676 3231; x_wconf 84' lang='lat' dir='ltr'><strong>reliquorum</strong></span> <span class='ocrx_word' id='word_1_206' title='bbox 686 3148 874 3210; x_wconf 83' lang='lat' dir='ltr'><strong>Germaniae</strong></span> <span class='ocrx_word' id='word_1_207' title='bbox 896 3147 1078 3224; x_wconf 80' lang='lat' dir='ltr'><strong>Prlnoipum,</strong></span> <span class='ocrx_word' id='word_1_208' title='bbox 1147 3146 1157 3157; x_wconf 91' lang='grc'><strong>’</strong></span> 
     </span>
     <span class='ocr_line' id='line_1_34' title="bbox 154 3231 1077 3316; baseline -0.01 -20"><span class='ocrx_word' id='word_1_209' title='bbox 154 3233 427 3316; x_wconf 74' lang='lat' dir='ltr'><strong>eommunitatum,</strong></span> <span class='ocrx_word' id='word_1_210' title='bbox 448 3233 687 3297; x_wconf 80' lang='lat' dir='ltr'><strong>Universitstum</strong></span> <span class='ocrx_word' id='word_1_211' title='bbox 710 3239 741 3292; x_wconf 88' lang='lat' dir='ltr'><strong>et</strong></span> <span class='ocrx_word' id='word_1_212' title='bbox 762 3231 993 3306; x_wconf 71' lang='lat' dir='ltr'><strong>retentatum,</strong></span> <span class='ocrx_word' id='word_1_213' title='bbox 1014 3235 1077 3288; x_wconf 86' lang='lat' dir='ltr'><strong>tam</strong></span> 
     </span>
     <span class='ocr_line' id='line_1_35' title="bbox 157 3311 1077 3398; baseline -0.011 -18"><span class='ocrx_word' id='word_1_214' title='bbox 157 3317 457 3397; x_wconf 71' lang='lat' dir='ltr'><strong>eeclesiastloomm,</strong></span> <span class='ocrx_word' id='word_1_215' title='bbox 479 3335 570 3398; x_wconf 81' lang='lat' dir='ltr'><strong>quam</strong></span> <span class='ocrx_word' id='word_1_216' title='bbox 593 3315 792 3394; x_wconf 70' lang='lat' dir='ltr'><strong>assultuum,</strong></span> <span class='ocrx_word' id='word_1_217' title='bbox 814 3311 960 3390; x_wconf 65' lang='lat' dir='ltr'><strong>baebio,</strong></span> <span class='ocrx_word' id='word_1_218' title='bbox 982 3328 1077 3390; x_wconf 76' lang='lat' dir='ltr'><strong>oogss</strong></span> 
     </span>
     <span class='ocr_line' id='line_1_36' title="bbox 155 3391 1077 3482; baseline -0.014 -18"><span class='ocrx_word' id='word_1_219' title='bbox 155 3407 249 3482; x_wconf 87' lang='lat' dir='ltr'><strong>atque</strong></span> <span class='ocrx_word' id='word_1_220' title='bbox 272 3399 461 3482; x_wconf 85' lang='lat' dir='ltr'><strong>oompellas,</strong></span> <span class='ocrx_word' id='word_1_221' title='bbox 491 3408 523 3462; x_wconf 89' lang='lat' dir='ltr'><strong>et</strong></span> <span class='ocrx_word' id='word_1_222' title='bbox 548 3417 588 3461; x_wconf 88' lang='lat' dir='ltr'><strong>eo</strong></span> <span class='ocrx_word' id='word_1_223' title='bbox 616 3401 648 3461; x_wconf 90' lang='lat' dir='ltr'><strong>in</strong></span> <span class='ocrx_word' id='word_1_224' title='bbox 675 3403 831 3479; x_wconf 85' lang='lat' dir='ltr'><strong>potestate</strong></span> <span class='ocrx_word' id='word_1_225' title='bbox 862 3403 915 3455; x_wconf 89' lang='lat' dir='ltr'><strong>tua</strong></span> <span class='ocrx_word' id='word_1_226' title='bbox 941 3391 1077 3472; x_wconf 87' lang='lat' dir='ltr'><strong>redsoto,</strong></span> 
     </span>
     <span class='ocr_line' id='line_1_37' title="bbox 156 3474 1077 3559; baseline -0.011 -13"><span class='ocrx_word' id='word_1_227' title='bbox 156 3504 225 3546; x_wconf 88' lang='lat' dir='ltr'><strong>snm</strong></span> <span class='ocrx_word' id='word_1_228' title='bbox 260 3483 317 3550; x_wconf 79' lang='lat' dir='ltr'><strong>sut</strong></span> <span class='ocrx_word' id='word_1_229' title='bbox 345 3483 428 3545; x_wconf 86' lang='lat' dir='ltr'><strong>ildeli</strong></span> <span class='ocrx_word' id='word_1_230' title='bbox 464 3481 606 3544; x_wconf 68' lang='lat' dir='ltr'><strong>custodia</strong></span> <span class='ocrx_word' id='word_1_231' title='bbox 630 3484 782 3559; x_wconf 84' lang='lat' dir='ltr'><strong>retineas,</strong></span> <span class='ocrx_word' id='word_1_232' title='bbox 821 3476 921 3538; x_wconf 80' lang='lat' dir='ltr'><strong>donee</strong></span> <span class='ocrx_word' id='word_1_233' title='bbox 948 3493 969 3536; x_wconf 86' lang='lat' dir='ltr'><strong>s</strong></span> <span class='ocrx_word' id='word_1_234' title='bbox 987 3474 1077 3536; x_wconf 89' lang='lat' dir='ltr'><strong>nobis</strong></span> 
     </span>
    </p>
   </div>
   <div class='ocr_carea' id='block_1_4' title="bbox 158 3746 1077 3897">
    <p class='ocr_par' dir='ltr' id='par_1_7' title="bbox 158 3746 1077 3897">
     <span class='ocr_line' id='line_1_38' title="bbox 207 3746 1077 3826; baseline -0.017 -12"><span class='ocrx_word' id='word_1_235' title='bbox 207 3761 241 3826; x_wconf 88' lang='lat'><strong>1)</strong></span> <span class='ocrx_word' id='word_1_236' title='bbox 260 3757 293 3812; x_wconf 94' lang='lat' dir='ltr'><strong>1n</strong></span> <span class='ocrx_word' id='word_1_237' title='bbox 305 3757 505 3813; x_wconf 67' lang='lat' dir='ltr'><strong>solenniter</strong></span> <span class='ocrx_word' id='word_1_238' title='bbox 516 3757 631 3826; x_wconf 83' lang='lat' dir='ltr'><strong>reliquls</strong></span> <span class='ocrx_word' id='word_1_239' title='bbox 650 3753 734 3805; x_wconf 82' lang='lat' dir='ltr'><strong>locis:</strong></span> <span class='ocrx_word' id='word_1_240' title='bbox 753 3749 909 3803; x_wconf 83' lang='lat' dir='ltr'><strong>Lntlrarnm.</strong></span> <span class='ocrx_word' id='word_1_241' title='bbox 941 3749 975 3812; x_wconf 81' lang='lat'><strong>2)</strong></span> <span class='ocrx_word' id='word_1_242' title='bbox 997 3746 1077 3802; x_wconf 81' lang='lat' dir='ltr'><strong>lbld.:</strong></span> 
     </span>
     <span class='ocr_line' id='line_1_39' title="bbox 158 3823 790 3897; baseline -0.017 -13"><span class='ocrx_word' id='word_1_243' title='bbox 158 3837 193 3886; x_wconf 77' lang='lat' dir='ltr'><strong>nt</strong></span> <span class='ocrx_word' id='word_1_244' title='bbox 230 3833 264 3896; x_wconf 80' lang='lat'><strong>3)</strong></span> <span class='ocrx_word' id='word_1_245' title='bbox 283 3829 365 3886; x_wconf 66' lang='lat' dir='ltr'><strong>lma:</strong></span> <span class='ocrx_word' id='word_1_246' title='bbox 385 3845 431 3886; x_wconf 84' lang='lat' dir='ltr'><strong>ax.</strong></span> <span class='ocrx_word' id='word_1_247' title='bbox 473 3828 506 3897; x_wconf 80' lang='lat' dir='ltr'><strong>l)</strong></span> <span class='ocrx_word' id='word_1_248' title='bbox 526 3827 615 3882; x_wconf 72' lang='lat' dir='ltr'><strong>ltin:</strong></span> <span class='ocrx_word' id='word_1_249' title='bbox 635 3823 790 3877; x_wconf 74' lang='lat' dir='ltr'><strong>clarissimi.</strong></span> 
     </span>
    </p>
   </div>
   <div class='ocr_carea' id='block_1_5' title="bbox 785 3925 864 3990">
    <p class='ocr_par' dir='ltr' id='par_1_8' title="bbox 785 3925 864 3990">
     <span class='ocr_line' id='line_1_40' title="bbox 785 3925 864 3990; baseline 0.013 -1"><span class='ocrx_word' id='word_1_250' title='bbox 785 3925 864 3990; x_wconf 78' lang='lat'><strong>23*</strong></span> 
     </span>
    </p>
   </div>
   <div class='ocr_carea' id='block_1_6' title="bbox 0 0 1304 4300">
    <p class='ocr_par' dir='ltr' id='par_1_9' title="bbox 0 0 1304 4300">
     <span class='ocr_line' id='line_1_41' title="bbox 0 0 1304 4300; baseline 0 0"><span class='ocrx_word' id='word_1_251' title='bbox 0 0 1304 4300; x_wconf 95' lang='lat' dir='ltr'><strong> </strong></span> 
     </span>
    </p>
   </div>
  </div>
 </body>
</html>
