2600 4300
402 302 439 358 da
456 307 556 367 virtuts
572 304 815 375 umtgsnsmm.
998 300 1060 370 W

410 475 631 537 Conclusio
654 476 782 536 xxvi,

221 600 345 683 Optime
368 602 440 663 laeit
461 622 562 683 papa,
591 603 675 682 quod
704 623 766 664 non
788 608 943 683 potestate
965 602 1059 665 clavis

148 694 249 762 (quam
274 684 391 745 nullam
405 684 529 765 habet),
551 686 605 746 sed
630 707 685 767 per
701 684 824 747 modum
849 685 984 767 suffragii
1008 686 1060 751 dat

145 766 299 827 animabus
322 768 548 829 remissionem.

219 848 290 911 Non
313 851 406 911 oredo
429 852 635 911 necessarium
664 853 771 913 iterum
794 848 966 933 protestari,
988 850 1060 930 quid

145 932 310 1012 disputem,
347 942 399 994 aut
420 934 492 1015 quid
522 954 668 996 asseram.
711 934 772 996 sed
793 954 864 1011 eum
886 942 992 995 nostro
1015 956 1060 995 se·

145 1016 209 1075 eulo
234 1017 297 1076 sint
318 1023 381 1077 tam
403 1017 498 1077 zelosi
520 1016 695 1078 haereticae
722 1018 881 1097 pravitatis
903 1016 1059 1097 inquisito-

144 1117 203 1176 res,
232 1107 266 1159 ut
288 1098 548 1160 christianissime
585 1100 755 1161 catholieos
788 1102 818 1160 vi
844 1111 994 1163 conentur
1021 1098 1060 1161 ad

144 1182 290 1241 baeresim
314 1182 459 1264 adigere,
484 1193 688 1263 opportunum
711 1184 802 1245 fuerit
823 1203 915 1263 super
933 1184 978 1243 s'in
1003 1184 1059 1243 ulie

144 1263 266 1344 syllabis
288 1266 468 1345 protestari,
509 1286 580 1326 nam
604 1266 675 1345 quid
698 1266 780 1327 aliud
802 1266 930 1327 fecerint
945 1204 1060 1328 loben-

144 1367 192 1406 nes
214 1347 304 1407 Picus
333 1348 579 1425 lllirandulanus‚
613 1348 792 1410 Laurentius
815 1348 923 1427 Valla,
953 1348 1059 1411 Petrus

144 1430 322 1508 Ravennas,
355 1431 513 1493 lohannes
534 1432 676 1511 Vesalia,
705 1436 736 1493 et
757 1432 924 1493 novissime
952 1432 1059 1493 diebus

144 1512 203 1572 istis
225 1513 386 1575 lohannes
403 1514 552 1574 Reuohlin
586 1522 679 1595 atque
701 1514 837 1577 lacobus
859 1514 1059 1597 stapulensis,

144 1604 172 1655 ut
190 1598 277 1656 inviti
301 1605 485 1678 cogerentur
509 1604 542 1657 et
555 1561 635 1657 bene
659 1596 821 1659 sentiendo
846 1598 1059 1681 malesentire,

145 1698 201 1739 non
223 1678 313 1741 faeile
336 1680 483 1759 viderim,
519 1682 576 1740 nisi
606 1680 689 1761 quod
711 1684 869 1742 omiserint
891 1680 969 1744 forte
991 1703 1059 1766 pro·
1162 1698 1165 1714 ’

145 1764 335 1822 testationem
357 1783 449 1843 super
472 1762 600 1844 siugulis
619 1770 671 1841 (ut
690 1764 771 1839 dixi)
796 1764 943 1845 syllabis,
974 1772 1073 1827 tanta·

145 1852 186 1905 est
205 1845 298 1905 hodie
320 1846 351 1905 in
375 1846 506 1906 eeclesia
520 1867 686 1927 puerorum
699 1857 729 1908 et
751 1846 993 1909 effeminatomm
1015 1856 1059 1931 ty-

145 1946 253 1988 ranms.

220 2011 327 2090 ltaque
345 2018 504 2092 protestor
526 2012 637 2091 denuo,
661 2012 721 2074 duo
737 2014 765 2073 in
784 2015 842 2074 ists
859 2014 1060 2077 conclusione

147 2114 189 2154 me
211 2095 373 2176 lecturum,
393 2097 524 2176 primum
547 2096 586 2156 de
606 2102 761 2177 potestate
783 2096 914 2158 clavium
936 2100 966 2158 in
989 2118 1059 2180 pur-

145 2180 289 2257 gatorium
321 2177 492 2260 disputare,
527 2186 557 2239 et
579 2183 753 2260 negativam
775 2180 929 2262 probare,
960 2183 1059 2244 donee

146 2261 216 2320 alius
237 2260 452 2322 affirmativam
472 2263 580 2323 melius
604 2263 723 2346 probet,
747 2263 882 2326 seeundo
906 2263 943 2326 de
966 2263 1058 2326 modo

147 2343 194 2403 illo
216 2345 351 2426 suffragii
373 2345 534 2424 inquirere.

432 2497 562 2556 Primum
586 2495 684 2576 probo
712 2497 765 2558 sio.

218 2631 332 2704 Primo,
354 2651 411 2711 per
432 2631 514 2692 illam
539 2631 695 2712 vulgatam
709 2633 883 2694 Hostiensis
897 2634 1058 2713 rationem,

149 2712 297 2791 videlieet,
329 2714 363 2774 si
391 2715 495 2774 olsvee
524 2734 595 2776 sese
621 2715 660 2774 ad
683 2717 892 2795 purgatorium
914 2717 1058 2779 extende·

150 2803 215 2872 rent,
237 2805 367 2876 possent
389 2815 541 2859 evacuare
561 2800 780 2878 purgatorium.
804 2799 906 2878 Atque
928 2791 1058 2882 erudelis

150 2883 222 2940 esset
243 2899 342 2959 papa,
364 2880 447 2960 quod
469 2900 532 2940 uon
553 2889 685 2942 evaneat
705 2883 926 2962 purgatorium.

217 2962 307 3022 Hane
327 2964 453 3024 solvunt
473 2965 532 3022 sio:
575 2963 661 3044 Papa
683 2971 795 3044 potest,
815 2975 849 3025 et
866 2967 894 3038 ¹)
920 2984 981 3026 non
1006 2966 1056 3026 de·

151 3042 192 3103 bet
216 3065 384 3122 evacuare,
415 3047 474 3106 nisi
506 3046 606 3108 subsit
626 3049 707 3108 insta
727 3067 822 3108 eausa
843 3055 874 3110 et
891 3048 1057 3110 rationabi-

151 3125 187 3203 lis,
206 3147 244 3188 ne
265 3128 413 3190 adversus
434 3130 578 3190 iustitiam
591 3129 724 3190 divisam
739 3139 854 3192 temere
868 3141 950 3212 agat.
970 3131 1058 3192 llsna

151 3208 278 3287 lngidsm
299 3219 333 3272 et
352 3213 534 3272 osoitantsm
557 3213 742 3274 solutionem
767 3214 819 3272 vix
841 3222 915 3294 puto
943 3214 1057 3293 proler-

152 3301 226 3370 rest,
259 3295 318 3354 nisi
341 3294 392 3355 vel
414 3315 475 3354 non
497 3295 711 3367 adverterent,
734 3297 806 3375 quisi
828 3297 992 3376 loquuntur
1012 3294 1057 3378 ²),

152 3375 192 3434 vel
211 3377 288 3436 inter
309 3377 421 3438 vitulos
434 3378 569 3438 marinos
589 3379 826 3458 profundissime
843 3387 1005 3454 stertentes
1022 3399 1057 3442 ee

153 3456 224 3536 loqui
244 3459 470 3522 arbitrarentur.
494 3461 542 3522 lta
562 3460 605 3538 lit,
627 3470 661 3522 ut
683 3483 722 3523 ex
743 3483 805 3522 uno
828 3461 960 3524 absurdo
983 3461 1055 3523 dato

154 3539 226 3616 plura
244 3547 419 3622 sequester.
464 3544 504 3604 Et
525 3552 558 3604 ut
579 3545 633 3606 ille
652 3547 710 3606 sit:
741 3546 865 3625 Septem
888 3545 1055 3608 mendaeiie

155 3631 212 3702 eget
230 3645 321 3686 unum
343 3626 546 3705 mendesium,
568 3634 602 3687 ut
623 3649 727 3689 verum
750 3627 898 3689 videatur.

200 3806 225 3869 tl
245 3809 272 3860 ln
293 3808 336 3863 ed.
355 3809 434 3862 Jem:
454 3809 511 3863 sed.
549 3809 581 3876 2)
602 3809 691 3862 lbid.:
710 3809 866 3876 loquantur.
