2600 4300
205 341 268 409 504
434 347 438 352 ·
474 311 574 416 'uos
592 345 672 400 unu.
693 345 823 401 ostendo
899 341 910 350 ·

207 535 268 598 ego
293 522 394 576 autem
415 515 562 576 iuvidiam
584 509 751 578 Eooia'uam
775 521 840 577 toto
864 519 958 577 corde
981 513 1124 591 detestor,

206 617 285 680 quae
308 606 425 658 tautum
450 599 593 659 candoris
614 619 676 660 non
699 599 801 678 babet,
825 603 858 659 ut
878 599 1036 679 permittat
1056 614 1123 656 cum

204 701 280 764 pure
303 689 333 741 et-
353 689 459 762 aperte
480 682 593 742 docere
621 685 796 758 veritatem,
827 683 946 742 etiamsi
975 699 1042 740 sam
1073 698 1124 739 no

206 776 282 840 scat,
304 764 358 823 sed
380 764 547 824 iuvotucris
568 765 692 848 gaudet,
717 765 896 842 delectatus,
917 763 1002 843 quod
1023 763 1077 823 alii
1095 763 1123 822 iu

206 865 309 908 errore
341 855 502 923 maneant,
537 856 570 908 ut
597 847 764 932 discipulos
799 847 911 907 babeat
936 849 968 905 in
997 852 1124 924 utraque

205 937 292 1012 parte
314 929 575 990 contradictionis.
617 931 686 992 Vae
709 930 761 992 tibi
784 930 882 1009 gloria
899 927 1073 1006 maledicta,
1096 935 1126 987 et

169 1032 179 1046 ‘
206 1011 371 1074 maledicat
391 1012 445 1072 tibi
468 1014 568 1072 omnis
591 1022 737 1073 creatura.

290 1094 374 1154 Scito
390 1113 475 1173 ergo,
499 1095 604 1173 tector,
627 1106 657 1155 et
680 1106 781 1156 certus
804 1103 880 1170 esto,
903 1095 1033 1154 Ecoium
1055 1091 1126 1152 nihii

205 1195 330 1258 prorsus
351 1179 382 1236 in
405 1177 464 1238 bac
485 1196 519 1237 re
547 1178 709 1239 dissentire
731 1178 821 1256 mihi,
856 1178 913 1237 nisi
943 1176 983 1236 ad
1012 1193 1124 1236 mamm

206 1277 316 1321 vocem
356 1267 386 1319 ct
429 1262 575 1340 speciem.
635 1260 726 1336 Quod
764 1269 796 1320 ut
826 1277 954 1338 noscas,
993 1257 1124 1318 adverto.

206 1342 318 1403 Eccius
347 1343 471 1422 'Lipsiae
505 1345 674 1416 concessit,
711 1344 836 1404 liberum
869 1343 1029 1402 arbitrium
1057 1347 1125 1401 aute

159 1433 175 1438 ’“
206 1425 335 1508 gratiam
356 1443 420 1484 nou
443 1426 558 1505 valere,
581 1426 638 1485 uisi
662 1427 699 1484 ad
722 1426 924 1506 peccandum.
958 1425 1044 1504 Ergo
1066 1441 1124 1484 nou

207 1507 290 1568 vaiet
312 1508 351 1566 ad
374 1507 499 1581 bonum,
523 1507 577 1567 sed
600 1515 716 1568 tantum
741 1510 779 1569 ad
802 1508 925 1569 maium.
970 1507 1031 1568 Ubi
1055 1523 1124 1586 ergo

205 1588 329 1650 libertas
352 1590 438 1650 eius?
461 1590 663 1651 Namomuis
686 1592 808 1669 bomo,
825 1591 933 1650 saitem
956 1589 1057 1666 rudis,
1077 1607 1124 1650 au·

207 1672 293 1733 dieas
315 1672 443 1732 liberum
460 1673 626 1749 arbitrium,
650 1674 900 1754 inteiligitipaum
925 1684 1125 1753 aequeposse

207 1757 238 1816 iu
261 1754 375 1815 bonum
398 1763 430 1815 et
449 1759 479 1816 iu
505 1757 629 1832 malum,
650 1777 776 1836 prorsus
791 1776 852 1818 non
872 1755 1123 1836 cogitans,-quod

207 1838 306 1898 sotum
327 1839 427 1917 possit
448 1841 478 1897 in
503 1837 626 1899 maium.
680 1839 754 1900 lude
783 1839 925 1920 procedit
953 1841 984 1898 in
1016 1837 1125 1897 fiducia

207 1922 263 1996 sui,
285 1939 496 2000 praesumens,
514 1940 608 2001 posse
628 1941 663 1982 se
686 1922 725 1982 ad
741 1922 842 1982 Deum
866 1941 905 1980 ex
928 1921 992 1980 auis
1014 1917 1124 1980 viribus

206 2003 352 2064 converti.

289 2085 374 2147 Haeo
395 2103 468 2151 esse
489 2086 703 2167 impiancius
726 2086 805 2149 bene
827 2087 922 2163 novit,
945 2103 1003 2149 nec
1026 2089 1124 2144 tamcu

205 2168 442 2247 nauseando,
464 2169 519 2229 sed
542 2187 650 2231 eorum
674 2170 959 2251 erroriimpiissime
982 2164 1124 2249 coo'pera
1181 2160 1186 2171 '

207 2260 265 2312 tur.
296 2248 375 2313 Dico
398 2271 483 2331 ergo,
506 2251 798 2331 quodbomobabet
820 2250 947 2311 liberum
961 2250 1122 2323 arbitrium,

208 2353 272 2395 nou
296 2335 368 2413 quia
389 2334 428 2395 sit
449 2334 552 2405 modo,
574 2334 665 2413 qualo
687 2334 741 2395 fuit
761 2336 791 2395 in
815 2333 960 2413 paradiso
986 2332 1044 2411 (de
1067 2351 1122 2413 quo

207 2414 466 2495 loquiturEcoie.
492 2420 538 2481 15.
560 2436 615 2496 per
633 2414 760 2478 Eeoium
783 2414 955 2497 inductus),
978 2415 1033 2475 sed
1057 2417 1123 2495 quia

205 2498 262 2559 tuit
281 2497 419 2576 liberum,
442 2507 472 2559 et
494 2504 596 2579 potest
617 2498 682 2559 fieri
704 2500 901 2581 pergratiam
925 2500 1034 2558 iterum
1057 2496 1122 2559 libe-

139 2621 142 2632 ι
206 2600 284 2656 rum,
306 2580 442 2659 alioquin
464 2602 535 2643 vere
558 2587 604 2641 est
626 2601 747 2643 servum
765 2580 929 2643 arbitrium.
959 2578 1030 2641 Non
1053 2598 1122 2660 ergo

206 2662 333 2723 liberum
356 2662 518 2735 arbitrium
535 2672 596 2725 tam
620 2684 639 2722 a
660 2664 743 2724 iacto
766 2683 846 2741 esse,
868 2676 959 2743 quam
982 2682 1001 2725 a
1024 2660 1121 2723 debito

207 2762 277 2807 erse
297 2744 417 2809 dicitur.
461 2746 549 2807 Unde
566 2745 829 2824 Augustinuslib.
853 2748 880 2809 2.
905 2752 1013 2807 contra
1034 2744 1121 2805 tutta-

140 2822 145 2831 ’
207 2846 279 2889 uum
302 2834 395 2890 vocat
416 2829 515 2909 ipsum
533 2848 654 2889 servum
677 2828 845 2892 arbitrium
875 2828 915 2889 Et
927 2822 1121 2903 Christus*):

146 2969 149 2973 Δ
208 2908 267 2985 Qui
289 2908 363 2969 facit
383 2918 562 2989 peccatum,
591 2931 696 2972 servus
725 2919 770 2983 est
793 2912 927 2993 peccati,
948 2912 1118 2970 etiterum:

207 2990 305 3053 Nemo
341 2999 445 3073 potest
478 2995 631 3075 accipere·
654 2992 836 3073 quidquam,
870 2992 928 3053 nisi
959 2993 987 3053 ei
1023 2992 1120 3053 datum

208 3074 297 3135 fuerit
319 3094 337 3134 c
359 3074 597 3147 coelo,.10hau.
619 3078 648 3139 3.
672 3074 757 3137 Siout
779 3094 852 3157 ergo
876 3076 985 3137 civitas
1007 3080 1121 3137 vastata

208 3156 255 3217 vel
278 3156 416 3236 collapsa
433 3156 541 3221 domus
564 3158 657 3221 habet
679 3156 800 3239 quidem
822 3178 934 3221 nomen
957 3158 1120 3227 ettituium

208 3258 299 3323 quem
321 3241 406 3319 prius
427 3239 533 3302 habuit
556 3248 587 3301 et
607 3242 761 3321 posterius
782 3240 916 3314 habebit,
938 3258 1001 3302 nou
1024 3247 1120 3301 tamen
1157 3282 1161 3291 »

207 3321 287 3383 idam
309 3328 412 3400 potest
434 3323 633 3405 quodprius,
654 3324 697 3383 ita
719 3322 845 3385 liberum
863 3322 1029 3385 arbitrium.

289 3402 369 3477 Quid
390 3411 491 3464 autem
515 3426 583 3465 cum
606 3404 825 3467 indoctissimis
846 3404 988 3466 iratribus
1009 3404 1121 3485 agam?

207 3482 317 3543 Ecoius
338 3485 535 3563 respondeat,
557 3488 588 3549 st
604 3488 733 3549 liborum
750 3486 905 3549 arbitrium
923 3494 972 3547 est
986 3486 1121 3560 liberum,

205 3580 260 3622 cur
280 3566 319 3639 1¹³.
333 3573 487 3642 potestate
508 3569 593 3629 Pauli
629 3588 691 3630 non
715 3569 784 3649 tuit,
807 3570 937 3637 Roman.
960 3574 995 3647 7,
1023 3570 1121 3631 fucere

201 3644 288 3736 ‚quod
316 3645 463 3707 volebat?
498 3650 559 3709 Gur
580 3650 676 3711 servit
695 3658 841 3731 peccato,
873 3650 954 3731 quod
977 3650 1120 3712 odiebat?
