2600 4300
394 334 547 398 sevum
565 332 809 402 insurgentem.
1000 324 1061 399 155

141 511 307 583 antequem
335 504 474 566 Christus
500 524 536 565 se
563 506 703 585 erigeret.
751 504 794 565 nt
824 522 887 567 nou
921 501 975 563 ille
1000 500 1062 564 hoe

140 588 307 666 coguovit,
333 606 402 647 cnm
424 596 472 649 tot
492 595 608 648 sterent
628 589 741 649 circum
763 606 831 647 eem
855 591 1075 661 accusatores,

141 669 241 729 donec
262 670 382 731 audiret
401 690 511 731 vocem
535 672 641 750 sponsi
663 670 809 731 dicentis:
831 670 931 729 Nemo
946 674 975 729 te
989 685 1060 727 cou-

140 752 309 828 demnsvit,
329 754 458 813 mulier?
480 773 538 814 nec
560 773 618 833 ego
643 761 673 813 te
696 752 919 813 condemnabo.

218 835 418 908 EtDevid*)
443 845 535 912 certe,
557 856 626 896 cum
641 843 802 915 peccasset
823 842 856 895 et
877 855 897 895 e
910 834 1062 914 prophete

141 919 242 978 Nstsn
262 918 373 979 fuisset
390 920 594 999 reprehensus
616 939 656 979 ex
674 918 818 981 mendsto
836 919 903 995 Dei,
924 923 1061 981 mortuus

140 1002 249 1061 fuisset
271 1002 384 1078 subito,
406 1002 530 1081 quando
552 1009 701 1082 operante
722 1002 753 1061 iu
776 1020 814 1060 en
837 1002 936 1081 gretie
955 996 1060 1061 iustifi-

146 1084 280 1143 cetionis
301 1084 499 1145 exclamarit:
543 1086 673 1145 Peccevi
705 1084 800 1157 (haec
821 1090 869 1147 est
890 1084 971 1143 enim
999 1100 1062 1141 vox
1120 1096 1121 1101 ’

141 1169 308 1244 iustorum,
331 1170 467 1247 seipsos
489 1170 588 1247 primo
609 1169 854 1242 eceussntium),
877 1167 935 1227 nisi
960 1165 1062 1228 stetim

142 1248 225 1309 velut
254 1250 423 1311 absolvens
443 1250 543 1311 Nstsn
572 1251 717 1310 dixisset:
761 1250 910 1309 Dominus
939 1266 1062 1326 quoque

142 1332 269 1391 abstulit
289 1340 451 1412 peccatum
473 1341 568 1408 tuum,
589 1353 653 1393 non
676 1333 823 1393 morieris.
849 1330 958 1413 ,Quare
980 1331 1061 1392 enirn

141 1414 273 1474 addidit:
295 1416 528 1490 Nenmorieris,
550 1418 609 1476 nisi
630 1418 702 1495 quie
722 1414 849 1477 videbet
862 1434 932 1475 eum
945 1420 1062 1475 terrore

141 1500 261 1577 peceati
282 1497 331 1557 sui
352 1500 552 1577 conquassari
573 1508 605 1559 et
626 1498 778 1559 deficere?

218 1580 263 1639 Et
283 1581 496 1657 Ezechias**)
525 1600 648 1662 quoque
669 1581 789 1657 cudite,
825 1580 907 1660 quod
930 1598 1061 1642 mouere-

144 1672 203 1738 tur,
234 1664 347 1723 inisset
367 1671 516 1742 mensus,
538 1666 597 1724 nisi
618 1684 723 1725 rursus
746 1663 784 1725 sb
806 1664 899 1725 Eseie
922 1662 1062 1727 consule

143 1748 257 1805 tionem
279 1749 462 1826 accepisset,
484 1756 516 1808 et
537 1749 657 1827 signum
679 1746 811 1807 intrandi
833 1745 990 1825 templum,
1013 1744 1062 1808 eui

147 1828 275 1889 credens
298 1830 388 1889 simul
411 1835 443 1889 et
463 1849 572 1910 pscem
582 1839 840 1909 peccatorumque
850 1830 1062 1892 remissionem

145 1911 284 1989 obtinuit,
308 1914 387 1971 sieut
407 1915 466 1972 sit:
488 1913 645 1973 Proiecisti
668 1920 739 1991 post
760 1918 877 1991 tergum
901 1918 984 1971 tuum
998 1930 1061 1973 om-

145 1995 195 2052 nis
217 2000 351 2073 peccate
372 2015 450 2057 mee.

220 2076 263 2136 Et
285 2079 415 2139 omnino
432 2079 464 2137 in
476 2080 572 2139 veteri
585 2077 794 2155 Testemeuto,
817 2074 973 2156 quomedo
988 2074 1061 2135 fidu-

147 2162 192 2218 cie
213 2179 320 2220 eorum
344 2161 384 2222 de
404 2161 618 2222 misericordie
628 2162 685 2222 Dei
708 2180 746 2220 ee
759 2161 941 2222 remissione
954 2175 1061 2238 pecce-

147 2252 240 2302 torum
262 2245 418 2323 potuisset
438 2246 624 2321 consistere,
657 2245 716 2306 nisi
737 2244 819 2304 Deus
841 2261 922 2304 nuuc
943 2241 1062 2320 apperi-

148 2326 289 2402 tionibus,
311 2345 394 2385 nunc
413 2327 679 2406 inspirationibus,
702 2345 784 2386 nunc
805 2325 994 2389 oblationum
1016 2324 1060 2382 iu·

102 2434 107 2458 ι
150 2409 357 2484 tensionibus,
392 2428 474 2468 nunc
500 2409 632 2470 uebuiee
663 2407 907 2485 ostensionibus,
935 2413 968 2468 et
994 2405 1061 2467 eliis

150 2492 239 2570 signis
268 2490 470 2568 ostendisset,
506 2511 575 2552 sese
607 2501 727 2572 gratum
754 2491 883 2566 hebere,
918 2487 1060 2568 quiequid

152 2574 365 2652 operarentur?
395 2575 479 2652 quod
502 2593 585 2636 nunc
603 2574 669 2634 vult
691 2573 757 2634 fieri
781 2573 875 2634 verbo
898 2580 930 2634 et
949 2571 1061 2634 iudicio

152 2655 349 2716 secerdotum.
778 2707 784 2716 .

227 2739 323 2819 Igitur
341 2740 483 2800 remissio
502 2739 561 2801 Dei
587 2740 717 2820 gretiem
746 2745 905 2823 operetur,
934 2736 989 2801 sed
1016 2755 1060 2798 re·

154 2822 251 2881 missin
272 2821 442 2882 sacerdotis
463 2841 583 2901 pecem,
605 2841 685 2901 quse
706 2830 737 2882 et
757 2823 826 2902 ipse
847 2827 894 2887 est
912 2821 1009 2904 gretie
1031 2824 1062 2880 et

155 2902 260 2963 donum
282 2905 357 2980 Dei,
387 2906 459 2983 quie
479 2903 556 2966 fides
577 2905 765 2966 remissionis
787 2911 818 2966 et
839 2905 955 2984 gratiss
976 2921 1061 2981 prse-

156 2987 251 3047 sentis.
279 2987 412 3046 Ethene
432 3005 502 3048 meo
523 3006 615 3049 sensu
637 2987 772 3048 dicerem
787 3005 855 3048 esse
869 3003 946 3062 eem,
969 3005 1060 3064 quem

156 3070 242 3128 nestn'
264 3068 408 3130 doctores
430 3069 535 3130 dicunt
556 3089 612 3149 per
626 3077 819 3132 sacrements
836 3067 985 3134 eeclesiae
999 3065 1061 3126 effi-

156 3152 260 3211 usciter
281 3151 422 3213 conferri.
464 3151 533 3212 Non
555 3160 658 3214 sutem
680 3154 778 3232 ipssm
808 3153 935 3231 primam
957 3148 1061 3212 iustiti·

159 3239 278 3312 csntem,
301 3254 393 3314 quum
414 3242 487 3295 ente
508 3241 732 3296 secrementum
756 3239 879 3314 oportet
900 3233 1009 3294 edesse
1029 3232 1060 3294 in

159 3315 272 3394 eduitis,
300 3317 356 3378 sed
387 3317 592 3381 ut-Rome.1
626 3318 749 3378 dicitur:
793 3317 884 3378 Fides
905 3318 936 3376 iu
959 3314 1060 3391 tidem,

160 3406 271 3476 oportet
299 3402 380 3462 enim
408 3400 607 3462 secedentem
635 3401 770 3464 credere
814 3400 857 3460 At
876 3398 1060 3478 bsptisetum

161 3488 272 3558 oportet
291 3484 383 3543 etiem
405 3483 540 3561 eredere,
562 3503 595 3544 se
619 3491 703 3546 reete
724 3482 890 3546 credidisse
911 3486 942 3542 et
959 3497 1060 3541 ecces-

162 3564 244 3641 sisss,
270 3571 323 3626 sut
342 3583 451 3645 pscem
473 3585 629 3646 nunquam
648 3565 788 3641 hebebit,
814 3583 894 3643 quse
916 3582 979 3625 nou
1001 3563 1059 3624 uisi

200 3867 205 3885 .
225 3821 254 3890 ·)
272 3823 289 3879 2
307 3823 381 3880 sum.
401 3824 444 3880 12.
482 3823 528 3891 ··)
546 3824 620 3880 use
640 3797 683 3879 ee
