2600 4300
236 315 280 388 ff)
477 315 634 401 Responsio
655 315 688 380 i).
705 315 787 380 iisrt.
802 313 927 395 ‘Ludusri

235 498 336 569 voest,
357 483 389 552 'et
408 491 500 554 fldem
521 495 614 554 vertit
631 486 663 554 iu
677 493 807 555 Utrum?
827 499 862 554 ut
882 493 987 555 nosti·
1006 492 1068 554 Our
1085 509 1165 572 ergo

236 575 326 653 mihi,
349 593 475 653 quasso,
502 594 567 639 uon
587 577 736 656 permittis
759 576 914 658 disputare
935 575 975 636 de
992 577 1034 636 iis
1056 576 1165 653 rebus,

236 666 398 737 quodsum
413 657 647 720 dubiosissimeo
658 665 689 720 et
709 679 772 721 nnn
785 659 1029 720 determinatos?
1068 659 1165 718 Num-

235 740 308 820 quid
330 756 390 820 ego
413 743 547 802 ecolesis
570 760 647 821 sum,
669 745 731 804 imo
753 743 822 821 pius
845 759 937 822 quum
959 742 1104 819 ousiosis,
1127 749 1163 800 ut

236 837 326 883 mese
353 825 578 904 disputationes
605 843 661 906 pro
690 825 918 888 definitionibus
946 825 1165 906 decipientur?

237 906 298 968 Sed
311 908 504 969 eonsuetudo
524 910 585 970 ists
598 909 854 988 est‘l'homistiou,
876 925 938 988 qus
957 909 1063 969 omnis
1079 924 1165 968 osse-

235 1007 304 1050 rere
326 990 448 1069 soietis,
470 993 563 1051 etism
586 1006 667 1070 quse
687 992 872 1072 disputative
895 993 1085 1072 proponitis,
1109 998 1166 1052 sut

235 1074 267 1132 in
294 1073 415 1134 Thomu
445 1075 556 1154 legitis.
605 1074 680 1135 ldso
708 1081 740 1134 st
767 1093 817 1135 me
843 1082 1028 1136 assertorem
1049 1073 1163 1150 eredis,

236 1174 300 1217 non
322 1156 553 1236 disputatorem.
596 1155 712 1218 Verum
734 1165 767 1217 ut
789 1157 907 1218 videbis
928 1159 960 1217 in
978 1155 1164 1216 destamen-

236 1238 335 1316 nibus‚
357 1241 425 1298 siin
439 1241 502 1300 uiis
516 1257 651 1300 meorum
665 1242 912 1320 propositionum
924 1249 1010 1320 perte
1023 1239 1162 1319 disputo,

236 1320 296 1380 hoo
316 1330 405 1400 pente
426 1325 560 1383 maxims
579 1322 713 1403 disputo,
736 1330 768 1383 et
788 1325 831 1383 its
853 1323 985 1404 disputo,
1006 1329 1042 1382 ut
1054 1339 1162 1382 meum

237 1406 420 1465 sententium
443 1405 557 1466 drusius
579 1407 712 1486 probare
739 1407 813 1465 mihi
833 1406 954 1482 videar,
981 1423 1074 1484 quom
1108 1414 1163 1465 tus

237 1489 343 1569 opinio
365 1489 404 1548 sit
423 1488 563 1568 probato,
587 1506 650 1550 non
673 1487 913 1567 tomeriensis,
936 1488 991 1549 sed
1011 1488 1162 1548 iudicium

236 1571 387 1631 eeclesiae
415 1579 572 1652 exspecto.
619 1572 694 1633 ldeo
721 1575 850 1652 iguosoo
886 1572 1077 1650 tibisquod
1110 1589 1163 1631 me

235 1653 422 1715 hoeretioum
444 1673 557 1733 voees,
579 1656 680 1715 sciens
701 1655 783 1715 huno
804 1668 876 1716 sese
896 1673 1014 1715 monem
1035 1655 1162 1714 ‘I'homi-

236 1743 360 1816 storum,
382 1739 596 1798 uthseretious
610 1757 689 1817 esse,
708 1739 791 1817 velit,
814 1739 900 1815 nolit,
924 1744 1061 1818 oogstun
1084 1735 1161 1796 dun-

235 1826 323 1880 tsxot
340 1821 424 1901 opud
445 1821 635 1900 Thomistus,
670 1822 720 1900 qui
751 1823 913 1901 opiniones
934 1819 1074 1908 Thomas
1096 1839 1159 1880 nou

237 1902 327 1963 fuerit
348 1912 479 1967 seoutus.
522 1904 612 1964 Nune
634 1903 760 1983 reliquo.
850 1925 853 1932 ¹

221 1984 230 1994 “
319 1986 429 2064 Primo,
450 1988 567 2065 inquis,
589 1987 705 2046 falsitas
729 1992 792 2066 est,
816 1985 899 2066 quod
922 1993 1028 2066 operte
1049 1987 1158 2062 innuo,

237 2085 301 2147 eos,
323 2070 375 2147 qui
397 2069 428 2127 in
449 2070 627 2150 purgatorio
649 2075 729 2147 sunt,
751 2072 879 2146 nescire,
895 2085 971 2129 sese
990 2068 1159 2129 solvendos

237 2171 315 2232 osse,
337 2159 370 2211 ut
391 2160 422 2211 et
444 2156 492 2216 19.
514 2154 726 2232 propositione
749 2152 822 2213 dixi.
854 2153 986 2213 Tuvoro
1003 2164 1073 2213 oum
1086 2152 1160 2212 divo

235 2234 364 2313 Thonis,
386 2235 472 2295 ouius
494 2235 665 2296 doctrinam
677 2235 704 2313 ¹)
730 2254 785 2315 per
801 2236 938 2315 regulam
955 2235 1037 2313 fidoi,
1052 2234 1159 2295 Eeole·

142 2329 146 2335 ’
236 2320 315 2378 mom
345 2319 533 2395 itomanam,
562 2326 594 2379 et
626 2318 795 2378 discussam
831 2326 862 2378 et
888 2317 1048 2399 probatem
1073 2319 1159 2395 diois,

236 2403 347 2486 portin·
360 2400 443 2480 quod
465 2402 565 2461 seiont
586 2420 620 2460 se
641 2400 832 2480 liberandos,
853 2400 991 2480 plioquin
1014 2400 1161 2481 suffragiu

236 2499 301 2544 non
324 2491 513 2563 expeterent.
1029 2509 1031 2517 ‚

319 2566 522 2646 Respondeo:
550 2567 627 2627 Rem
649 2567 749 2647 ipsum
771 2568 896 2646 omitto,
926 2567 996 2645 quio
1023 2566 1160 2647 disputo,

237 2650 640 2713 etinirs19.oonoiusione
661 2667 724 2709 nou
749 2666 856 2712 omues
878 2668 948 2711 esse
970 2656 1070 2709 serios
1087 2649 1159 2727 dixi,

236 2733 311 2792 lisot
329 2733 450 2811 sliquos
461 2732 540 2793 torte
556 2738 758 2813 cognossent,
780 2732 820 2793 de
841 2732 949 2811 quibus
970 2732 1033 2792 late
1053 2734 1086 2791 in
1109 2732 1160 2791 dos

237 2815 470 2893 elerstionibus,
498 2817 523 2875 si
546 2823 753 2895 pervenerunt
773 2822 827 2875 eut
847 2816 1028 2895 pervenient
1048 2816 1081 2873 in
1097 2834 1159 2874 mu

236 2915 294 2959 uus
314 2906 393 2959 tuos.
442 2899 521 2959 Nsm
537 2898 569 2957 id
599 2898 692 2959 oredo
724 2916 774 2958 ms
795 2897 926 2977 pnobuie
948 2904 979 2957 et
996 2897 1157 2977 probasse,

237 2981 412 3061 quodum
451 3000 558 3042 omnes
588 2984 688 3041 seiont
715 3000 749 3042 ss
777 2998 846 3041 esse
873 2980 1038 3045 solvendos
1051 2978 1097 3062 ²),
1125 2990 1158 3039 ut

235 3070 385 3127 testentur
410 3064 553 3145 exempla
581 3065 677 3125 multo
704 3063 743 3125 de
770 3063 929 3125 onimobus
953 3064 1096 3123 euntibus
1118 3064 1156 3123 sd

235 3147 381 3207 iudicium
404 3154 463 3209 oto.

250 3261 255 3278 ι
285 3265 288 3272 »
315 3230 520 3291 Probstiones
539 3236 608 3291 tuus
629 3235 747 3290 tentum
768 3228 936 3289 mdeomus.
979 3229 1082 3291 Primo
1105 3250 1153 3290 eu·

236 3315 445 3375 toritatem-B.-
465 3312 608 3374 Thomas
622 3312 751 3391 induois,
774 3314 861 3372 ouius
882 3315 1064 3373 sententium
1089 3332 1155 3373 sen·

236 3397 402 3472 mutiensi)
436 3402 611 3460 sommium
644 3414 738 3457 vooos
765 3412 893 3455 numero
916 3396 1041 3475 plursli,
1075 3397 1153 3456 torte
1184 3382 1189 3403 '

235 3481 426 3540 reverentiae
446 3496 550 3544 oense.
592 3480 634 3539 nt
654 3486 688 3539 ut
707 3479 779 3539 huie
800 3474 933 3558 credam,
956 3478 1032 3539 disis
1055 3494 1075 3538 s
1096 3480 1153 3540 Ro-
1187 3508 1189 3515 ·

296 3747 325 3808 i)
348 3744 378 3795 iu
397 3744 461 3799 edit
479 3747 565 3814 prino.
581 3753 608 3801 et
625 3747 685 3800 deu.
706 3746 822 3819 legitur:
841 3750 975 3806 doctrine.
1013 3753 1046 3817 2)
1067 3752 1098 3806 Iu
1111 3753 1152 3808 ed.

238 3812 317 3872 iem:
336 3814 491 3869 solvendos.
527 3818 560 3884 3)
579 3818 648 3872 Ibid.
676 3834 732 3872 uon
750 3824 898 3892 repetitur:
916 3818 1093 3880 sennonem.
