2600 4300
160 344 162 349 .
209 290 271 360 456
549 292 676 364 Epistola
692 291 801 348 Ermmi

212 464 325 529 dicium
346 463 452 541 defuit,
475 462 608 524 studium
630 482 694 526 non
714 463 810 574 defuit
825 461 1005 526 demerendi
1024 462 1147 544 magni-

211 547 347 610 tudinem
369 552 461 608 tuam.

296 629 587 704 eiaterensem,
625 628 940 772 quodapsitsumus,
972 648 1038 690 uon
1060 627 1145 690 aliud

213 713 308 776 officii
328 714 503 808 praemium
511 713 684 794 poscimus,
701 711 759 772 nisi
779 718 813 772 ut
827 731 938 792 pergas
960 712 1068 774 favere
1083 731 1145 772 me-

213 797 342 859 lioribus
365 788 503 873 literis,'
495 815 556 856 ram
579 797 695 876 passim
717 815 772 874 per
793 801 928 856 nostram
954 793 986 877 ¹)
1016 795 1144 856 Germa

213 882 294 940 niam
313 878 586 957 efflorescentibus,
609 879 795 958 atquehanc
816 897 939 958 quoque
962 879 1066 940 laudrs
1077 898 1143 958 par

214 971 275 1023 tem
299 963 359 1024 tuis
382 980 541 1038 asserere,
575 981 655 1040 quae
676 962 815 1021 fortassis
836 981 898 1032 uon
921 962 1023 1022 minus
1046 961 1145 1042 digni·

214 1047 285 1106 tatis
309 1047 349 1106 sit
370 1045 510 1120 allatura,
532 1045 582 1106 vel
594 1045 714 1126 patriae
725 1044 773 1104 vel
792 1044 979 1124 principibus
994 1044 1143 1124 2),ι]ιι1ιιι

212 1129 363 1192 hactenus
385 1129 506 1208 peperit
526 1127 659 1188 bellicae
679 1129 724 1188 rei
746 1127 854 1207 gloria.
877 1127 923 1188 Ea
945 1129 1080 1196 felicitas
1091 1147 1144 1188 no-

212 1212 259 1274 bis
281 1212 451 1290 continget,
473 1212 500 1270 si
522 1218 554 1271 et
573 1212 746 1291 principum
759 1210 932 1306 benignitas
955 1210 1076 1272 fovebit
1091 1229 1143 1306 op

213 1298 357 1356 timorum
379 1294 535 1354 literarum
559 1294 762 1372 professores,
784 1313 821 1354 ac
842 1295 987 1354 iuvenum
1007 1295 1144 1374 ingenia,

214 1397 294 1459 quae
316 1397 402 1458 spem
425 1396 486 1438 non
510 1377 670 1458 vulgarem
694 1375 733 1438 de
763 1396 797 1436 se
819 1375 968 1457 praebere
989 1376 1143 1456 videntur,

214 1467 246 1522 et
268 1468 322 1522 aut
309 1463 417 1522 toritas
439 1459 586 1521 adversus
606 1455 838 1555 panop-orionus
858 1461 946 1539 istos,
969 1478 1009 1520 ac
1030 1461 1141 1522 vetem

213 1545 353 1606 inscitiae
383 1542 595 1639 tyrannidem,
632 1545 738 1604 omnia
767 1562 922 1604 armorum
950 1543 980 1602 vi
1010 1545 1141 1638 pertina-

213 1629 336 1703 Ι11111111
359 1633 489 1704 tuentes,
512 1628 552 1686 sit
541 1627 662 1688 tnobis
682 1625 845 1706 praesidio
868 1625 948 1700 Quid
972 1627 1057 1686 euim
1080 1645 1140 1687 non

214 1688 381 1772 moliuntur
410 1710 483 1770 host
471 1718 517 1769 tes
539 1709 644 1770 devoti
671 1708 822 1770 bonorum
847 1708 1042 1768 studiorum?
1068 1727 1141 1788 quas

214 1812 277 1853 non
299 1791 452 1852 technas?
474 1811 550 1872 quas
573 1811 636 1854 non
650 1792 891 1872 sycophantias?
914 1811 990 1869 quas
1015 1811 1080 1853 non
1099 1793 1139 1852 in·

152 1889 161 1895 ·
214 1875 308 1936 sidias
331 1877 604 1936 comminiscuntur
610 1871 758 1953 ?quibus
780 1894 843 1936 uon
864 1874 1139 1940 cuniculisconau·
1201 1871 1202 1878 '

214 1939 263 2018 tur
281 1955 456 2037 obrepere?
480 1977 555 2038 quas
578 1977 640 2020 non
663 1956 832 2018 admovent
854 1957 1040 2018 machinas?
1063 1977 1141 2037 quae

213 2060 276 2102 non
299 2040 362 2102 tela
382 2043 413 2100 in
428 2059 486 2101 nos
498 2047 643 2120 torquent
663 2040 747 2102 111111
772 2059 891 2102 veneno
917 2040 1035 2102 tincta?
1063 2059 1140 2120 quae

214 2122 428 2205 conspiratio?
450 2143 542 2203 quam
561 2130 677 2185 arctum
691 2125 772 2185 inter
791 2124 867 2185 istos
880 2121 989 2187 foedus
1011 2123 1053 2185 ad
1070 2143 1139 2186 oon-

215 2206 404 2288 fligandas³)
418 2206 547 2267 literas?
570 2226 656 2287 quas,
680 2209 751 2285 quia
771 2208 934 2287 puerinon
958 2206 1138 2285 didicerunt,

215 2290 311 2371 pudet
334 2309 424 2350 senes
454 2288 593 2369 discere,
626 2288 711 2369 quod
731 2289 763 2364 ⁴)
788 2292 907 2351 minore
934 2309 1017 2369 pene
1047 2310 1139 2370 opera

216 2372 335 2434 discere
356 2374 522 2452 potuerint,
546 2392 636 2451 qnam
659 2375 849 2453 impugnant.
872 2370 970 2469 Quam
993 2372 1046 2433 hic
1070 2392 1139 2433 con·

214 2455 323 2517 cordes
345 2463 434 2530 sunt,
457 2456 508 2535 qui
529 2474 678 2535 nusquam
702 2457 913 2533 consentiunt,
936 2456 995 2515 nisi
1015 2455 1058 2517 ad
1080 2456 1138 2517 111·

214 2538 373 2600 dendum?
405 2558 497 2617 quarn
527 2539 579 2598 hic
601 2538 745 2599 babent
737 2540 909 2619 ingenium,
938 2537 979 2599 ad
1012 2539 1139 2601 meliora

215 2620 351 2763 stupidp?
339 2639 467 2763 Ϋ11111
488 2620 538 2681 hic
555 2620 691 2702 vigilant,
700 2620 750 2683 'ad
771 2620 851 2703 bene
864 2620 1047 2697 merendum
1065 2622 1138 2683 osci-

214 2704 306 2767 tahon
331 2724 340 2763 1

296 2785 443 2847 Prodiere
472 2806 570 2866 nuper
608 2785 835 2847 lucubrationes
866 2786 985 2865 aliquot
1018 2787 1138 2849 Martini

214 2868 367 2947 Lutherii,
398 2869 549 2949 simulque
570 2888 675 2931 rumor
695 2869 806 2929 allatus
829 2874 891 2945 est,
912 2868 1072 2931 hominem
1095 2890 1139 2931 sn·

215 2972 273 3033 pra
288 2915 412 3013 modum
434 2953 556 3033 gravari
577 2953 742 3012 autoritate
712 2915 1012 3012 1111111111111111
1037 2952 1137 3013 Cordi

216 3034 351 3096 111118
373 3035 468 3112 sixti,
498 3036 549 3115 qui
577 3034 659 3116 apud
687 3034 804 3097 Suevos
824 3034 957 3095 Romani
983 3034 1138 3097 Pontificis

215 3119 281 3201 agit
301 3118 447 3199 legatum.
469 3118 511 3178 Ut
531 3117 582 3178 hic
602 3119 741 3199 protinus
754 3108 952 3179 exsilierunt?
974 3124 1008 3179 ut
1028 3120 1137 3200 gestie

214 3200 307 3262 runt?
328 3208 363 3261 ut
381 3200 480 3281 gavisi
503 3209 582 3279 sunt,
599 3202 845 3279 occasionem,u
847 3201 952 3281 tipsis
970 3202 1071 3263 visum
1085 3208 1137 3275 111,

216 3286 350 3347 maxime
380 3282 548 3379 optandam
569 3285 601 3360 ⁵)
635 3303 704 3344 1111
737 3283 840 3345 datam
867 3282 1012 3345 laedendi
1042 3284 1137 3347 bonas

214 3365 344 3430 literas?
365 3366 455 3444 Nam,
477 3367 562 3427 iuxta
583 3364 770 3429 Graecorum
793 3366 1005 3447 proverbium,
1026 3368 1137 3447 impro-

215 3449 261 3511 bis
282 3454 406 3529 praeter
428 3450 623 3509 occasionem
644 3449 720 3509 nihil
741 3448 850 3528 deest,
884 3468 964 3529 quae
993 3449 1136 3511 videlicet

185 3653 189 3667 ’
268 3648 297 3710 1)
315 3648 347 3699 11
365 3648 409 3702 cd
426 3650 487 3705 Jen.
512 3652 651 3704 additum.
678 3655 769 3708 etiam.
807 3653 840 3717 2)
862 3652 966 3707 Ibidem
993 3652 1130 3705 additum:

213 3714 287 3779 usis
306 3716 337 3777 3)
358 3718 477 3775 Ibidem:
496 3722 695 3792 profligandas
715 3723 746 3787 4)
767 3723 849 3777 ibid:
868 3740 939 3780 curu
965 3722 1000 3791 5)
1020 3722 1133 3777 lbidsur:

216 3789 406 3847 opportunam
