2600 4300
487 970 602 1063 Auta
629 965 895 1089 Augustam
939 1023 947 1030 -

560 1169 653 1235 nno
675 1168 849 1236 noxum.
961 1286 964 1293 ¹

577 1464 816 1604 Praefatio.

265 1757 269 1764 ἢ
323 1651 415 1740 duno
438 1682 519 1744 1518
540 1680 711 1760 Imperator
739 1700 777 1740 ac
798 1681 955 1761 principes
975 1678 1160 1742 Germaniae

240 1764 410 1845 Augustam
434 1762 664 1823 Vindelicornm
689 1760 917 1842 convenerunt,
948 1770 982 1823 ut
1004 1771 1037 1823 et
1059 1762 1099 1822 de
1120 1782 1161 1823 re·

239 1848 295 1908 bus
318 1844 447 1927 publicis
470 1845 655 1907 Germaniae
685 1853 716 1906 et
745 1844 784 1906 de
811 1845 894 1907 bello
918 1852 1027 1907 aontm
1049 1845 1160 1905 'furcas

240 1928 435 2010 suscipiendo
458 1928 665 1989 consulerent.
687 1928 736 1988 Ad
759 1930 827 1989 erim
846 1936 1032 1989 conventum
1051 1928 1160 2009 aPnpu

239 2012 344 2075 Leone
364 2012 391 2072 X
413 2013 524 2071 missua
546 2019 593 2071 eet
615 2010 720 2092 Legati
744 2010 886 2072 aLatere
907 2010 978 2073 loco
992 2010 1159 2083 cardinalia

238 2096 374 2158 'l'homas
396 2094 434 2156 de
456 2094 515 2156 Vio
538 2094 722 2173 caietanus,
745 2112 834 2175 quem
859 2094 1054 2156 cardinalem
1078 2092 1159 2156 Gaia

176 2239 180 2249 ,
239 2188 344 2242 tanum
366 2178 523 2260 appellare
545 2178 655 2239 colent
674 2177 773 2259 'Huic‚
795 2187 829 2238 ut
850 2186 881 2240 et
901 2179 1017 2239 reditus
1039 2177 1159 2240 Pontifi-

238 2265 283 2324 eia
304 2265 440 2344 integros
465 2269 601 2322 servaret
622 2267 653 2322 ct
673 2281 722 2322 rea
745 2262 970 2322 ecclesiasticae
992 2261 1157 2322 Bohemiae

238 2353 268 2408 et
289 2345 492 2406 adiacentium
515 2353 662 2405 terrarum
697 2345 728 2404 in
757 2345 916 2425 pristinum
940 2351 1053 2406 statum
1076 2346 1156 2406 resti-

236 2431 344 2508 tueret,
367 2429 395 2491 d.
418 2428 455 2488 V.
478 2448 517 2490 m.
539 2427 611 2488 Maii
629 2429 708 2492 1518
731 2428 892 2510 singularis
914 2427 1025 2488 tradita
1048 2435 1096 2488 eat
1113 2427 1155 2487 lu·

188 2531 193 2546 ·
237 2513 363 2572 structio
390 2511 445 2586 (cf.
466 2511 621 2571 Loeacher
642 2509 779 2572 Reform.
802 2512 882 2571 Acta
901 2511 938 2590 11,
961 2513 1051 2586 310.)
1090 2509 1155 2571 Oar-

236 2593 346 2655 dinalis
378 2593 543 2655 caietanus
571 2611 680 2654 menae
712 2593 805 2654 Junio
840 2593 1010 2675 Augustam
1034 2593 1151 2654 Vindel.

237 2679 385 2759 pervenit,
409 2678 461 2740 ubi
480 2677 653 2758 Imperator
673 2677 900 2738 Maximiiianus
916 2679 983 2757 ipse
1005 2684 1037 2736 et
1058 2676 1152 2737 Fridc-

236 2761 315 2821 ricus
337 2760 492 2821 Saxoniae
510 2756 634 2820 Electci
651 2779 725 2822 cum
747 2759 871 2840 reliquis
893 2760 1082 2840 principibus
1093 2779 1151 2820 ver-

237 2842 389 2910 sabautur.
431 2841 572 2903 Eundem
593 2844 763 2924 Augustam
785 2844 906 2903 venisse
927 2843 1051 2903 Lutheri
1074 2862 1151 2904 caus·

236 2945 302 2987 uam
333 2946 549 3006 oppressurum
571 2945 638 2986 cum
671 2927 749 2987 ultro
779 2927 898 3006 opinari
925 2925 998 2986 licet
1032 2932 1097 2986 tum
1115 2945 1150 2986 ax

108 3068 112 3072 .
236 3009 368 3090 epistola
388 3017 530 3090 apparet,
558 3029 650 3089 quam
670 3009 818 3070 Lutherua
841 3008 870 3070 d.
892 3011 941 3072 21.
963 3028 1002 3070 m.
1025 3008 1149 3090 Augusti

236 3092 276 3154 ad
298 3091 486 3173 Spalatinum
510 3092 609 3172 dedit,
635 3092 688 3153 ubi
714 3093 792 3154 haec
812 3092 954 3174 legimus:
992 3091 1147 3166 „Nondum

235 3173 367 3238 redierat
388 3177 527 3254 nuntius,
555 3195 645 3255 quem
668 3175 708 3236 ad
729 3175 963 3236 illustrissimum
983 3175 1146 3256 Principem

235 3259 421 3325 Fridericum
444 3259 544 3319 emisi:
565 3257 636 3319 ideo
658 3258 759 3318 adhuc
781 3264 938 3338 exspecto,
959 3257 1031 3338 quid
1052 3259 1146 3318 Domi·

235 3362 292 3402 uua
313 3343 345 3401 iu
367 3362 437 3401 mea
455 3339 575 3400 'causan
596 3358 652 3420 per
678 3360 734 3402 voa
765 3361 857 3422 agere
880 3341 965 3401 velit.
1008 3339 1145 3402 Audivi

235 3430 337 3482 autem
367 3422 652 3484 reverendissimum
688 3423 881 3493 Cardinalem
908 3423 1085 3484 Caietauum
1117 3423 1143 3483 id

235 3505 426 3579 potissimum
454 3505 568 3566 habere
589 3505 725 3566 mandati
746 3527 765 3566 a
792 3525 911 3568 summo
933 3506 1095 3585 Pontifice‚
1115 3513 1143 3566 ut

238 3586 320 3642 omni
341 3587 441 3646 studio
464 3588 537 3647 mrhi
555 3587 695 3648 Caesaris
718 3596 749 3648 et
770 3587 948 3669 Principum
970 3591 1087 3650 animoa
1107 3589 1142 3648 1-

236 3662 296 3720 ciat
316 3666 462 3728 adversos
496 3669 601 3742 (Luth.
622 3669 738 3750 Eppl
773 3671 822 3732 ed.
843 3672 939 3731 Aurif.
981 3693 1012 3753 p.
1034 3675 1081 3737 76.
1109 3671 1141 3730 de

236 3737 372 3805 Wettel
409 3767 438 3826 p.
461 3753 549 3825 132).
591 3751 739 3813 Lutherua
763 3759 866 3814 autem
897 3755 981 3834 ipae,
1010 3773 1096 3835 quum
1115 3753 1140 3813 d.

237 3817 292 3877 Vll
312 3841 352 3883 m.
372 3827 452 3907 Aug.
475 3830 661 3894 citationem
683 3837 870 3917 accepisset,
903 3839 937 3898 ut
958 3835 1089 3900 Romam
1107 3835 1140 3896 ad
