2600 4300
238 328 302 395 484
540 331 620 387 llart.
637 332 716 386 nutu.
733 331 866 388 Defensio

238 502 343 579 Quare
363 507 467 563 textus
488 508 537 564 est
557 503 769 583 quaerendus,
797 505 849 584 qui
872 521 936 564 nou
958 502 999 564 de
1019 502 1081 564 lide
1112 511 1159 564 aut

237 587 440 649 conversione
461 585 686 667 Praelatorum,
717 586 772 660 sed
793 587 833 647 de
854 586 922 647 sola
943 592 1101 668 potestate
1119 587 1159 648 lo-

238 677 364 750 quatur,
391 687 472 750 quae
500 669 566 730 sine
592 669 654 731 lide
685 689 754 732 essa
775 671 888 750 possit,
918 669 1019 750 qualis
1041 678 1090 732 est
1108 670 1158 732 illa

236 753 345 818 Roma.
368 755 421 816 13:
441 751 549 814 Omnis
570 759 709 834 potestas
726 773 745 814 a
765 753 832 814 Deo
855 760 911 813 eta.

319 835 464 897 Similiter
484 835 622 897 dicemus
642 836 682 898 de
703 835 826 912 tributo,
850 835 1023 916 quchetri
1043 853 1159 897 succes

237 937 290 982 sor
308 938 373 980 non
391 920 439 998 sit,
461 920 519 979 nisi
541 921 594 998 qui
614 915 783 1000 aequaliter
804 919 925 980 Christo
954 927 986 980 et
1007 919 1101 982 Petro
1125 921 1156 992 ⁸)

238 1003 364 1064 solverit
384 1004 562 1083 imperatori
584 1010 617 1064 et
629 1003 816 1084 principibus
831 1001 935 1062 mundi
957 1003 1080 1068 tributa
1103 1001 1158 1064 Ubi

238 1105 311 1168 ergo
335 1093 461 1150 manent
481 1086 680 1146 ecclesiarum
695 1085 878 1168 privilegia?
899 1085 1049 1165 Videsne,
1070 1103 1160 1166 qusn-

235 1176 300 1230 tnm
327 1170 440 1248 impiae
468 1169 554 1228 Eccii
581 1169 706 1250 glossae
735 1171 874 1250 aperiant
901 1168 1043 1230 foramen
1076 1169 1160 1230 laicis

236 1251 480 1334 principatibus?
508 1251 585 1312 Nam
608 1253 634 1311 si
655 1251 757 1315 tributi
780 1251 950 1332 aequalitas
971 1251 1086 1333 probat
1105 1253 1161 1333 pri-

237 1341 351 1396 matum
373 1337 404 1395 in
425 1336 533 1414 Petro,
562 1334 654 1396 debet
680 1337 774 1396 ctiam
802 1335 934 1396 eundem
968 1334 1103 1416 probare
1130 1337 1159 1394 in

236 1436 293 1479 suo
315 1435 511 1498 successore,
545 1437 585 1477 na
616 1420 655 1478 sit
675 1418 796 1479 Christo
818 1417 989 1498 inaequalis
1020 1425 1054 1478 et
1073 1418 1160 1479 Petro

237 1501 400 1562 dissimilis.
431 1500 499 1577 Qua
519 1502 672 1580 sapientia
693 1501 776 1562 Eccii
805 1501 877 1580 quid
905 1501 988 1562 alind
1006 1501 1159 1578 discimus,

238 1603 329 1665 quarn
351 1603 459 1646 omnes
479 1583 642 1664 pontifices
663 1584 758 1646 fuisse
778 1585 890 1664 impios
923 1591 956 1644 et
976 1585 1160 1662 haereticos,

237 1669 288 1749 qui
315 1675 487 1728 statuerunt
514 1666 553 1727 de
580 1667 671 1728 rebus
703 1667 854 1728 ccclesiae
887 1686 950 1728 non
979 1667 1159 1746 alienandis,

236 1767 354 1826 censu,
383 1750 516 1830 tributo,
537 1751 682 1831 vectigali
713 1750 824 1814 liberis.
860 1750 1005 1830 Denique
1027 1751 1158 1812 funditus

236 1833 315 1896 haec
335 1832 471 1894 Ecciana
492 1835 645 1894 sententia
667 1833 785 1894 subruit
804 1835 850 1893 ius
872 1836 1069 1895 canonicum.

317 1916 381 1977 Aut
415 1915 609 1977 confitebitur
628 1917 786 1977 Romanos
813 1915 975 1996 pontifices
996 1917 1092 1978 Petro
1118 1918 1159 1977 in-

236 2000 391 2080 aequales,
415 2008 446 2060 et
466 2000 594 2081 perboc
614 2001 777 2078 non'Petri,
799 2018 857 2060 nac
873 1998 994 2078 Christi,
1018 1999 1075 2060 aed
1090 1997 1159 2060 alio-

234 2100 301 2144 rum
322 2084 425 2165 potius
446 2083 657 2164 apostolorum
686 2103 755 2144 csse
778 2101 988 2163 successores,
1016 2085 1071 2164 qui
1100 2101 1158 2143 non

236 2168 403 2229 solverunt.
430 2166 477 2227 lts
502 2166 552 2244 tlt,
587 2174 621 2227 ut
647 2166 895 2247 quandoquidem
925 2166 1030 2227 tributi
1055 2167 1157 2247 penaio

235 2250 362 2311 honoris
388 2257 419 2310 et
446 2250 602 2331 dignitatis
629 2250 722 2310 titisse
748 2252 780 2310 in
802 2249 923 2311 Christo
946 2256 978 2310 et
998 2250 1093 2311 Petro
1115 2268 1158 2310 as·

236 2338 354 2413 seritur,
376 2334 530 2394 successio
554 2332 634 2394 Petri
656 2340 738 2394 stare
761 2352 823 2395 non
844 2334 952 2413 possit,
976 2334 1036 2393 nisi
1059 2332 1158 2394 clerici

240 2434 348 2478 omnes
364 2416 562 2479 subiiciantur
572 2416 1015 2497 potestatibustemporalibus,
1027 2416 1156 2476 maxime

235 2498 393 2561 Romanus
414 2499 575 2580 pontifex,
598 2518 687 2579 quem
710 2520 784 2579 praa
811 2501 919 2561 ceteris
941 2500 1091 2561 convenit
1110 2514 1156 2559 ae·

236 2583 320 2663 quali
339 2582 458 2645 honore
479 2582 670 2663 etdignitate
692 2582 858 2643 oumPatro
880 2582 1007 2661 fulgere,
1029 2582 1155 2660 hooest,

238 2666 371 2728 omnium
386 2667 522 2728 maxime
533 2666 681 2727 subesse
672 2686 703 2725 m
718 2666 935 2746 temporalibus
947 2664 1155 2747 pensionibus.

320 2748 347 2810 0
364 2748 508 2809 Eccium·
512 2755 643 2810 tutorem
655 2750 814 2809 Romanae
831 2749 991 2827 ecclesiae,
1015 2766 1079 2828 quo
1101 2747 1155 2808 cla·

239 2850 327 2894 more
347 2852 397 2892 me
418 2826 662 2913 persequebatur,
683 2834 711 2891 si
732 2832 793 2893 hoc
809 2832 903 2894 cahos
918 2832 1071 2893 malorum
1092 2831 1155 2891 luis·

237 2934 303 2977 ssm
330 2911 454 2977 adonim
477 2922 585 2978 contro
608 2916 769 2996 privilegia
787 2916 958 2977 Romanae
979 2913 1155 2975 acclesiae?

238 2998 353 3060 Adeste
379 3016 466 3080 ergo,
492 2998 645 3079 principes
667 3006 783 3073 terrae,
811 3000 928 3059 utimini
950 2998 1016 3059 iure
1046 3001 1155 3073 vestro,

238 3082 430 3165 evangelium
451 3082 555 3160 vobis,
582 3090 690 3142 autore
711 3045 820 3159 Eccio,
842 3082 963 3160 tribuit,
984 3088 1018 3141 ut
1039 3078 1155 3161 pontifi·

228 3180 292 3232 ¹ccs
313 3165 394 3232 Petri
416 3183 610 3227 successores
632 3182 785 3226 essenon
806 3166 944 3244 possint,
980 3164 1041 3223 nisi
1073 3162 1155 3224 vobis

237 3248 374 3330 pendant
382 3244 413 3331 1)
436 3246 562 3327 tributa,
591 3249 657 3309 imo
679 3248 793 3308 auxilio
815 3255 918 3308 vestro
940 3246 1154 3326 cooperamini,

237 3340 349 3414 augete
380 3329 558 3428 dignitatem
586 3337 619 3391 et
638 3330 787 3391 honorem
809 3330 949 3408 illorum,
977 3328 1010 3392 id
1039 3336 1106 3406 est,
1120 3333 1155 3387 ut

238 3415 308 3494 plus
335 3432 426 3493 quam
462 3416 556 3475 ceteri
582 3413 702 3474 christo
728 3421 760 3474 et
788 3414 879 3474 Petro
916 3412 1064 3544 aequales
1093 3413 1154 3490 siut,

238 3496 307 3576 plus
327 3496 465 3575 pendant
487 3495 518 3572 ¹)
543 3496 684 3557 omnibus
705 3497 783 3557 aliis

321 3578 382 3639 Sed
401 3578 463 3637 huc
481 3580 576 3639 rotari
597 3578 704 3660 debet,
726 3581 777 3659 qui
797 3580 920 3660 spiritus
942 3535 1042 3639 sancti
1066 3576 1154 3639 verba

293 3765 321 3831 *)
340 3768 432 3821 Matth.
454 3768 497 3825 17.
515 3787 518 3790 ·

293 3837 326 3903 1)
343 3838 376 3891 In
395 3838 440 3894 ed.
456 3838 535 3892 Jeme
553 3839 702 3909 pendeant.
