<?xml version="1.0" encoding="UTF-8"?>
<!DOCTYPE html PUBLIC "-//W3C//DTD XHTML 1.0 Transitional//EN"
    "http://www.w3.org/TR/xhtml1/DTD/xhtml1-transitional.dtd">
<html xmlns="http://www.w3.org/1999/xhtml" xml:lang="en" lang="en">
 <head>
  <title>
</title>
<meta http-equiv="Content-Type" content="text/html;charset=utf-8" />
  <meta name='ocr-system' content='tesseract 3.04.00' />
  <meta name='ocr-capabilities' content='ocr_page ocr_carea ocr_par ocr_line ocrx_word'/>
</head>
<body>
  <div class='ocr_page' id='page_1' title='image "./operalatinavari06schmgoog_0437.png"; bbox 0 0 2600 4300; ppageno 0'>
   <div class='ocr_carea' id='block_1_1' title="bbox 441 319 1088 392">
    <p class='ocr_par' dir='ltr' id='par_1_1' title="bbox 441 319 1088 392">
     <span class='ocr_line' id='line_1_1' title="bbox 441 319 1088 392; baseline 0 -12"><span class='ocrx_word' id='word_1_1' title='bbox 441 326 476 392; x_wconf 76' lang='lat' dir='ltr'><strong>ed</strong></span> <span class='ocrx_word' id='word_1_2' title='bbox 495 327 530 380; x_wconf 72' lang='lat' dir='ltr'><strong>D.</strong></span> <span class='ocrx_word' id='word_1_3' title='bbox 546 327 623 383; x_wconf 64' lang='lat' dir='ltr'><strong>hida</strong></span> <span class='ocrx_word' id='word_1_4' title='bbox 640 323 814 382; x_wconf 63' lang='lat' dir='ltr'><strong>EbetuSex.</strong></span> <span class='ocrx_word' id='word_1_5' title='bbox 1022 319 1088 391; x_wconf 65' lang='lat' dir='ltr'><strong>m</strong></span> 
     </span>
    </p>
   </div>
   <div class='ocr_carea' id='block_1_2' title="bbox 158 493 1166 3877">
    <p class='ocr_par' dir='ltr' id='par_1_2' title="bbox 158 493 1087 990">
     <span class='ocr_line' id='line_1_2' title="bbox 160 493 1085 576; baseline 0.001 -21"><span class='ocrx_word' id='word_1_6' title='bbox 160 502 269 556; x_wconf 66' lang='lat' dir='ltr'><strong>umen</strong></span> <span class='ocrx_word' id='word_1_7' title='bbox 292 496 423 556; x_wconf 80' lang='lat' dir='ltr'><strong>istorum</strong></span> <span class='ocrx_word' id='word_1_8' title='bbox 444 495 582 558; x_wconf 73' lang='lat' dir='ltr'><strong>oblinam</strong></span> <span class='ocrx_word' id='word_1_9' title='bbox 601 496 745 576; x_wconf 65' lang='lat' dir='ltr'><strong>pduerit,</strong></span> <span class='ocrx_word' id='word_1_10' title='bbox 768 495 825 556; x_wconf 80' lang='lat' dir='ltr'><strong>seo</strong></span> <span class='ocrx_word' id='word_1_11' title='bbox 846 493 1029 574; x_wconf 66' lang='lat' dir='ltr'><strong>simplieiter·</strong></span> <span class='ocrx_word' id='word_1_12' title='bbox 1046 493 1085 556; x_wconf 81' lang='lat' dir='ltr'><strong>ed</strong></span> 
     </span>
     <span class='ocr_line' id='line_1_3' title="bbox 158 576 1087 658; baseline 0.002 -22"><span class='ocrx_word' id='word_1_13' title='bbox 158 576 409 639; x_wconf 79' lang='lat' dir='ltr'><strong>Revoeetionam</strong></span> <span class='ocrx_word' id='word_1_14' title='bbox 431 579 513 640; x_wconf 77' lang='lat' dir='ltr'><strong>neele</strong></span> <span class='ocrx_word' id='word_1_15' title='bbox 534 579 688 642; x_wconf 80' lang='lat' dir='ltr'><strong>‹lietorurn</strong></span> <span class='ocrx_word' id='word_1_16' title='bbox 707 597 835 640; x_wconf 89' lang='lat' dir='ltr'><strong>suornm</strong></span> <span class='ocrx_word' id='word_1_17' title='bbox 857 595 928 638; x_wconf 89' lang='lat' dir='ltr'><strong>enm</strong></span> <span class='ocrx_word' id='word_1_18' title='bbox 950 577 1087 658; x_wconf 83' lang='lat' dir='ltr'><strong>enmpnl·</strong></span> 
     </span>
     <span class='ocr_line' id='line_1_4' title="bbox 159 659 1086 740; baseline 0.001 -21"><span class='ocrx_word' id='word_1_19' title='bbox 159 677 242 721; x_wconf 84' lang='lat' dir='ltr'><strong>sum.</strong></span> <span class='ocrx_word' id='word_1_20' title='bbox 295 661 362 722; x_wconf 83' lang='lat' dir='ltr'><strong>Nea</strong></span> <span class='ocrx_word' id='word_1_21' title='bbox 392 663 421 722; x_wconf 87' lang='lat' dir='ltr'><strong>ei</strong></span> <span class='ocrx_word' id='word_1_22' title='bbox 445 661 518 722; x_wconf 88' lang='lat' dir='ltr'><strong>illud</strong></span> <span class='ocrx_word' id='word_1_23' title='bbox 550 661 641 722; x_wconf 71' lang='lat' dir='ltr'><strong>fidele</strong></span> <span class='ocrx_word' id='word_1_24' title='bbox 668 661 803 722; x_wconf 80' lang='lat' dir='ltr'><strong>Pastoris</strong></span> <span class='ocrx_word' id='word_1_25' title='bbox 839 659 976 720; x_wconf 81' lang='lat' dir='ltr'><strong>offroium</strong></span> <span class='ocrx_word' id='word_1_26' title='bbox 1003 660 1086 740; x_wconf 76' lang='lat' dir='ltr'><strong>peius</strong></span> 
     </span>
     <span class='ocr_line' id='line_1_5' title="bbox 158 741 1085 832; baseline 0 -30"><span class='ocrx_word' id='word_1_27' title='bbox 158 741 332 803; x_wconf 83' lang='lat' dir='ltr'><strong>exhibitum</strong></span> <span class='ocrx_word' id='word_1_28' title='bbox 355 763 433 824; x_wconf 82' lang='lat' dir='ltr'><strong>esse,</strong></span> <span class='ocrx_word' id='word_1_29' title='bbox 455 762 519 823; x_wconf 79' lang='lat' dir='ltr'><strong>qno</strong></span> <span class='ocrx_word' id='word_1_30' title='bbox 537 745 687 832; x_wconf 68' lang='lat' dir='ltr'><strong>mnam</strong></span> <span class='ocrx_word' id='word_1_31' title='bbox 708 743 838 820; x_wconf 65' lang='lat' dir='ltr'><strong>reddere</strong></span> <span class='ocrx_word' id='word_1_32' title='bbox 854 748 981 822; x_wconf 85' lang='lat' dir='ltr'><strong>oportet</strong></span> <span class='ocrx_word' id='word_1_33' title='bbox 1002 743 1085 826; x_wconf 81' lang='lat' dir='ltr'><strong>omni</strong></span> 
     </span>
     <span class='ocr_line' id='line_1_6' title="bbox 158 825 1078 904; baseline 0.003 62"><span class='ocrx_word' id='word_1_34' title='bbox 158 825 1078 904; x_wconf 58' lang='lat' dir='ltr'><strong><em>w</em></strong></span> 
     </span>
    </p>

    <p class='ocr_par' dir='ltr' id='par_1_3' title="bbox 159 989 1166 2213">
     <span class='ocr_line' id='line_1_7' title="bbox 247 989 1086 1072; baseline -0.004 -19"><span class='ocrx_word' id='word_1_35' title='bbox 247 992 385 1072; x_wconf 76' lang='lat' dir='ltr'><strong>Rogavit</strong></span> <span class='ocrx_word' id='word_1_36' title='bbox 405 994 509 1072; x_wconf 76' lang='lat' dir='ltr'><strong>itaque</strong></span> <span class='ocrx_word' id='word_1_37' title='bbox 529 1001 623 1072; x_wconf 81' lang='lat' dir='ltr'><strong>atque</strong></span> <span class='ocrx_word' id='word_1_38' title='bbox 642 993 833 1072; x_wconf 81' lang='lat' dir='ltr'><strong>impetrarit,</strong></span> <span class='ocrx_word' id='word_1_39' title='bbox 864 999 896 1050; x_wconf 90' lang='lat' dir='ltr'><strong>ut</strong></span> <span class='ocrx_word' id='word_1_40' title='bbox 908 990 998 1070; x_wconf 24' lang='lat' dir='ltr'><strong>*apud</strong></span> <span class='ocrx_word' id='word_1_41' title='bbox 1022 989 1086 1050; x_wconf 81' lang='lat' dir='ltr'><strong>illu·</strong></span> 
     </span>
     <span class='ocr_line' id='line_1_8' title="bbox 159 1073 1088 1137; baseline 0.002 -5"><span class='ocrx_word' id='word_1_42' title='bbox 159 1075 348 1135; x_wconf 84' lang='lat' dir='ltr'><strong>striseimam</strong></span> <span class='ocrx_word' id='word_1_43' title='bbox 391 1082 474 1136; x_wconf 87' lang='lat' dir='ltr'><strong>tuam</strong></span> <span class='ocrx_word' id='word_1_44' title='bbox 506 1074 725 1137; x_wconf 68' lang='lat' dir='ltr'><strong>celsitudinem</strong></span> <span class='ocrx_word' id='word_1_45' title='bbox 761 1073 1023 1134; x_wconf 74' lang='lat' dir='ltr'>intercederemus.</span> <span class='ocrx_word' id='word_1_46' title='bbox 1058 1077 1088 1134; x_wconf 86' lang='lat' dir='ltr'><strong>at</strong></span> 
     </span>
     <span class='ocr_line' id='line_1_9' title="bbox 162 1154 1087 1237; baseline 0.002 -23"><span class='ocrx_word' id='word_1_47' title='bbox 162 1157 429 1236; x_wconf 71' lang='lat' dir='ltr'><strong>supplicaremus,</strong></span> <span class='ocrx_word' id='word_1_48' title='bbox 452 1165 602 1237; x_wconf 78' lang='lat' dir='ltr'><strong>quatenus</strong></span> <span class='ocrx_word' id='word_1_49' title='bbox 624 1157 827 1217; x_wconf 84' lang='lat' dir='ltr'><strong>illustrissima</strong></span> <span class='ocrx_word' id='word_1_50' title='bbox 855 1163 908 1216; x_wconf 89' lang='lat' dir='ltr'><strong>tna</strong></span> <span class='ocrx_word' id='word_1_51' title='bbox 930 1154 1087 1217; x_wconf 70' lang='lat' dir='ltr'><strong>(lelsitadn</strong></span> 
     </span>
     <span class='ocr_line' id='line_1_10' title="bbox 161 1238 1086 1318; baseline 0.001 -19"><span class='ocrx_word' id='word_1_52' title='bbox 161 1239 328 1318; x_wconf 58' lang='lat' dir='ltr'><strong>ignetur,</strong></span> <span class='ocrx_word' id='word_1_53' title='bbox 361 1241 401 1300; x_wconf 85' lang='lat' dir='ltr'><strong>ad</strong></span> <span class='ocrx_word' id='word_1_54' title='bbox 443 1240 575 1301; x_wconf 83' lang='lat' dir='ltr'><strong>eundem</strong></span> <span class='ocrx_word' id='word_1_55' title='bbox 602 1239 888 1301; x_wconf 85' lang='lat' dir='ltr'><strong>reverendissimam</strong></span> <span class='ocrx_word' id='word_1_56' title='bbox 920 1238 1086 1300; x_wconf 73' lang='lat' dir='ltr'><strong>Dominum</strong></span> 
     </span>
     <span class='ocr_line' id='line_1_11' title="bbox 160 1319 1087 1403; baseline 0 -21"><span class='ocrx_word' id='word_1_57' title='bbox 160 1321 315 1402; x_wconf 70' lang='lat' dir='ltr'><strong>tegetum</strong></span> <span class='ocrx_word' id='word_1_58' title='bbox 342 1323 390 1384; x_wconf 86' lang='lat' dir='ltr'><strong>rel</strong></span> <span class='ocrx_word' id='word_1_59' title='bbox 418 1325 519 1403; x_wconf 73' lang='lat' dir='ltr'><strong>ipsum</strong></span> <span class='ocrx_word' id='word_1_60' title='bbox 557 1341 708 1384; x_wconf 74' lang='lat' dir='ltr'><strong>mmmnm</strong></span> <span class='ocrx_word' id='word_1_61' title='bbox 742 1321 930 1398; x_wconf 81' lang='lat' dir='ltr'><strong>Pontificem</strong></span> <span class='ocrx_word' id='word_1_62' title='bbox 953 1319 1087 1382; x_wconf 83' lang='lat' dir='ltr'><strong>seribere</strong></span> 
     </span>
     <span class='ocr_line' id='line_1_12' title="bbox 161 1403 1086 1488; baseline 0.001 -25"><span class='ocrx_word' id='word_1_63' title='bbox 161 1411 194 1464; x_wconf 87' lang='lat' dir='ltr'><strong>et</strong></span> <span class='ocrx_word' id='word_1_64' title='bbox 217 1407 357 1484; x_wconf 81' lang='lat' dir='ltr'><strong>gratiose</strong></span> <span class='ocrx_word' id='word_1_65' title='bbox 375 1407 576 1488; x_wconf 79' lang='lat' dir='ltr'><strong>interuenire,</strong></span> <span class='ocrx_word' id='word_1_66' title='bbox 605 1406 689 1466; x_wconf 91' lang='lat' dir='ltr'><strong>utin</strong></span> <span class='ocrx_word' id='word_1_67' title='bbox 712 1406 831 1485; x_wconf 76' lang='lat' dir='ltr'><strong>seriptis</strong></span> <span class='ocrx_word' id='word_1_68' title='bbox 853 1403 910 1464; x_wconf 84' lang='lat' dir='ltr'><strong>ribi</strong></span> <span class='ocrx_word' id='word_1_69' title='bbox 932 1405 1086 1483; x_wconf 79' lang='lat' dir='ltr'><strong>signaren-</strong></span> 
     </span>
     <span class='ocr_line' id='line_1_13' title="bbox 163 1485 1087 1568; baseline 0 -22"><span class='ocrx_word' id='word_1_70' title='bbox 163 1494 214 1546; x_wconf 89' lang='lat' dir='ltr'><strong>tur</strong></span> <span class='ocrx_word' id='word_1_71' title='bbox 239 1489 359 1548; x_wconf 74' lang='lat' dir='ltr'><strong>articuli</strong></span> <span class='ocrx_word' id='word_1_72' title='bbox 381 1496 412 1548; x_wconf 90' lang='lat' dir='ltr'><strong>et</strong></span> <span class='ocrx_word' id='word_1_73' title='bbox 433 1495 551 1568; x_wconf 76' lang='lat' dir='ltr'><strong>penate</strong></span> <span class='ocrx_word' id='word_1_74' title='bbox 568 1505 703 1549; x_wconf 88' lang='lat' dir='ltr'><strong>errorum</strong></span> <span class='ocrx_word' id='word_1_75' title='bbox 727 1507 867 1564; x_wconf 75' lang='lat' dir='ltr'><strong>snorum,</strong></span> <span class='ocrx_word' id='word_1_76' title='bbox 890 1494 920 1548; x_wconf 92' lang='lat' dir='ltr'><strong>et</strong></span> <span class='ocrx_word' id='word_1_77' title='bbox 942 1485 1087 1548; x_wconf 86' lang='lat' dir='ltr'><strong>adderen-</strong></span> 
     </span>
     <span class='ocr_line' id='line_1_14' title="bbox 161 1570 1089 1649; baseline 0 -21"><span class='ocrx_word' id='word_1_78' title='bbox 161 1580 212 1642; x_wconf 70' lang='lat' dir='ltr'><strong>mr</strong></span> <span class='ocrx_word' id='word_1_79' title='bbox 234 1570 285 1630; x_wconf 85' lang='lat' dir='ltr'><strong>vel</strong></span> <span class='ocrx_word' id='word_1_80' title='bbox 307 1571 441 1632; x_wconf 82' lang='lat' dir='ltr'><strong>rationes</strong></span> <span class='ocrx_word' id='word_1_81' title='bbox 464 1571 512 1633; x_wconf 85' lang='lat' dir='ltr'><strong>vel</strong></span> <span class='ocrx_word' id='word_1_82' title='bbox 535 1572 725 1647; x_wconf 69' lang='lat' dir='ltr'><strong>autoritates,</strong></span> <span class='ocrx_word' id='word_1_83' title='bbox 747 1570 856 1649; x_wconf 82' lang='lat' dir='ltr'><strong>quibus</strong></span> <span class='ocrx_word' id='word_1_84' title='bbox 883 1573 1089 1649; x_wconf 73' lang='lat' dir='ltr'><strong>cognosceret</strong></span> 
     </span>
     <span class='ocr_line' id='line_1_15' title="bbox 161 1656 1166 1746; baseline 0 -36"><span class='ocrx_word' id='word_1_85' title='bbox 161 1671 235 1713; x_wconf 83' lang='lat' dir='ltr'><strong>sese</strong></span> <span class='ocrx_word' id='word_1_86' title='bbox 257 1672 377 1746; x_wconf 65' lang='lat' dir='ltr'><strong>errasse</strong></span> <span class='ocrx_word' id='word_1_87' title='bbox 399 1660 430 1714; x_wconf 88' lang='lat' dir='ltr'><strong>et</strong></span> <span class='ocrx_word' id='word_1_88' title='bbox 450 1656 495 1714; x_wconf 88' lang='lat' dir='ltr'><strong>sin</strong></span> <span class='ocrx_word' id='word_1_89' title='bbox 517 1659 693 1732; x_wconf 74' lang='lat' dir='ltr'><strong>rerooetet,</strong></span> <span class='ocrx_word' id='word_1_90' title='bbox 720 1672 778 1714; x_wconf 88' lang='lat' dir='ltr'><strong>neo</strong></span> <span class='ocrx_word' id='word_1_91' title='bbox 808 1659 900 1712; x_wconf 91' lang='lat' dir='ltr'><strong>antea</strong></span> <span class='ocrx_word' id='word_1_92' title='bbox 927 1657 1088 1732; x_wconf 75' lang='lat' dir='ltr'>cogeretur</span> <span class='ocrx_word' id='word_1_93' title='bbox 1155 1703 1166 1710; x_wconf 84' lang='lat'><em>.</em></span> 
     </span>
     <span class='ocr_line' id='line_1_16' title="bbox 161 1733 1087 1816; baseline -0.001 -22"><span class='ocrx_word' id='word_1_94' title='bbox 161 1734 315 1796; x_wconf 52' lang='lat' dir='ltr'><strong>&amp;muare</strong></span> <span class='ocrx_word' id='word_1_95' title='bbox 340 1737 523 1814; x_wconf 78' lang='lat' dir='ltr'><strong>sententiar,</strong></span> <span class='ocrx_word' id='word_1_96' title='bbox 550 1755 642 1816; x_wconf 79' lang='lat' dir='ltr'><strong>quern</strong></span> <span class='ocrx_word' id='word_1_97' title='bbox 674 1741 876 1816; x_wconf 78' lang='lat' dir='ltr'><strong>cognosceret</strong></span> <span class='ocrx_word' id='word_1_98' title='bbox 903 1753 972 1796; x_wconf 88' lang='lat' dir='ltr'><strong>esse</strong></span> <span class='ocrx_word' id='word_1_99' title='bbox 1006 1733 1087 1794; x_wconf 86' lang='lat' dir='ltr'><strong>darn·</strong></span> 
     </span>
     <span class='ocr_line' id='line_1_17' title="bbox 163 1817 1088 1906; baseline -0.002 -28"><span class='ocrx_word' id='word_1_100' title='bbox 163 1817 303 1893; x_wconf 71' lang='lat' dir='ltr'><strong>medas,</strong></span> <span class='ocrx_word' id='word_1_101' title='bbox 335 1835 428 1906; x_wconf 69' lang='lat' dir='ltr'><strong>qnam</strong></span> <span class='ocrx_word' id='word_1_102' title='bbox 458 1819 505 1878; x_wconf 86' lang='lat' dir='ltr'><strong>sio</strong></span> <span class='ocrx_word' id='word_1_103' title='bbox 530 1819 657 1899; x_wconf 86' lang='lat' dir='ltr'><strong>antique</strong></span> <span class='ocrx_word' id='word_1_104' title='bbox 678 1819 767 1878; x_wconf 82' lang='lat' dir='ltr'><strong>luerit</strong></span> <span class='ocrx_word' id='word_1_105' title='bbox 789 1817 939 1878; x_wconf 80' lang='lat' dir='ltr'><strong>ecelesiae</strong></span> <span class='ocrx_word' id='word_1_106' title='bbox 960 1834 1088 1896; x_wconf 78' lang='lat' dir='ltr'><strong>eonsue;</strong></span> 
     </span>
     <span class='ocr_line' id='line_1_18' title="bbox 164 1898 1087 1980; baseline -0.002 -21"><span class='ocrx_word' id='word_1_107' title='bbox 164 1900 254 1970; x_wconf 88' lang='lat' dir='ltr'><strong>tudo,</strong></span> <span class='ocrx_word' id='word_1_108' title='bbox 276 1910 308 1960; x_wconf 84' lang='lat' dir='ltr'><strong>et</strong></span> <span class='ocrx_word' id='word_1_109' title='bbox 328 1901 450 1962; x_wconf 82' lang='lat' dir='ltr'><strong>Petrum</strong></span> <span class='ocrx_word' id='word_1_110' title='bbox 472 1903 518 1961; x_wconf 88' lang='lat' dir='ltr'><strong>sio</strong></span> <span class='ocrx_word' id='word_1_111' title='bbox 534 1901 672 1962; x_wconf 77' lang='lat' dir='ltr'><strong>&#39;doceant</strong></span> <span class='ocrx_word' id='word_1_112' title='bbox 694 1899 852 1980; x_wconf 82' lang='lat' dir='ltr'><strong>exempla,</strong></span> <span class='ocrx_word' id='word_1_113' title='bbox 889 1906 921 1958; x_wconf 91' lang='lat' dir='ltr'><strong>ut</strong></span> <span class='ocrx_word' id='word_1_114' title='bbox 943 1898 1021 1963; x_wconf 87' lang='lat' dir='ltr'><strong>datis</strong></span> <span class='ocrx_word' id='word_1_115' title='bbox 1042 1918 1087 1958; x_wconf 88' lang='lat' dir='ltr'><strong>ra·</strong></span> 
     </span>
     <span class='ocr_line' id='line_1_19' title="bbox 162 1981 1087 2044; baseline -0.002 -3"><span class='ocrx_word' id='word_1_116' title='bbox 162 1982 303 2044; x_wconf 75' lang='lat' dir='ltr'><strong>tionibus</strong></span> <span class='ocrx_word' id='word_1_117' title='bbox 337 1991 368 2044; x_wconf 86' lang='lat' dir='ltr'><strong>et</strong></span> <span class='ocrx_word' id='word_1_118' title='bbox 395 1983 609 2044; x_wconf 73' lang='lat' dir='ltr'><strong>autoritatibus</strong></span> <span class='ocrx_word' id='word_1_119' title='bbox 637 1982 676 2043; x_wconf 88' lang='lat' dir='ltr'><strong>ed</strong></span> <span class='ocrx_word' id='word_1_120' title='bbox 699 1982 946 2044; x_wconf 85' lang='lat' dir='ltr'><strong>emendationem</strong></span> <span class='ocrx_word' id='word_1_121' title='bbox 977 1981 1087 2042; x_wconf 86' lang='lat' dir='ltr'><strong>erroris</strong></span> 
     </span>
     <span class='ocr_line' id='line_1_20' title="bbox 163 2064 1087 2146; baseline -0.001 -22"><span class='ocrx_word' id='word_1_122' title='bbox 163 2072 328 2146; x_wconf 80' lang='lat' dir='ltr'><strong>urgerent,</strong></span> <span class='ocrx_word' id='word_1_123' title='bbox 365 2085 427 2127; x_wconf 91' lang='lat' dir='ltr'><strong>non</strong></span> <span class='ocrx_word' id='word_1_124' title='bbox 456 2073 558 2126; x_wconf 85' lang='lat' dir='ltr'><strong>autem</strong></span> <span class='ocrx_word' id='word_1_125' title='bbox 580 2064 664 2126; x_wconf 88' lang='lat' dir='ltr'><strong>nuda</strong></span> <span class='ocrx_word' id='word_1_126' title='bbox 685 2085 742 2126; x_wconf 83' lang='lat' dir='ltr'><strong>sus</strong></span> <span class='ocrx_word' id='word_1_127' title='bbox 763 2065 933 2125; x_wconf 80' lang='lat' dir='ltr'><strong>assertione</strong></span> <span class='ocrx_word' id='word_1_128' title='bbox 951 2069 982 2124; x_wconf 89' lang='lat' dir='ltr'><strong>et</strong></span> <span class='ocrx_word' id='word_1_129' title='bbox 1002 2070 1087 2144; x_wconf 87' lang='lat' dir='ltr'><strong>pote-</strong></span> 
     </span>
     <span class='ocr_line' id='line_1_21' title="bbox 165 2149 678 2213; baseline 0.002 -5"><span class='ocrx_word' id='word_1_130' title='bbox 165 2155 251 2209; x_wconf 76' lang='lat' dir='ltr'><strong>state</strong></span> <span class='ocrx_word' id='word_1_131' title='bbox 273 2150 454 2211; x_wconf 75' lang='lat' dir='ltr'><strong>damnarent</strong></span> <span class='ocrx_word' id='word_1_132' title='bbox 475 2150 568 2212; x_wconf 80' lang='lat' dir='ltr'><strong>ulline</strong></span> <span class='ocrx_word' id='word_1_133' title='bbox 586 2149 678 2213; x_wconf 60' lang='lat' dir='ltr'><strong>mom„</strong></span> 
     </span>
    </p>

    <p class='ocr_par' dir='ltr' id='par_1_4' title="bbox 162 2228 1087 3034">
     <span class='ocr_line' id='line_1_22' title="bbox 250 2228 1086 2312; baseline -0.005 -21"><span class='ocrx_word' id='word_1_134' title='bbox 250 2232 316 2292; x_wconf 82' lang='lat' dir='ltr'><strong>Noe</strong></span> <span class='ocrx_word' id='word_1_135' title='bbox 329 2233 442 2311; x_wconf 80' lang='lat' dir='ltr'><strong>itaque,</strong></span> <span class='ocrx_word' id='word_1_136' title='bbox 462 2230 665 2312; x_wconf 82' lang='lat' dir='ltr'><strong>illustrissime</strong></span> <span class='ocrx_word' id='word_1_137' title='bbox 681 2231 836 2310; x_wconf 80' lang='lat' dir='ltr'><strong>Princeps,</strong></span> <span class='ocrx_word' id='word_1_138' title='bbox 852 2232 915 2294; x_wconf 80' lang='lat' dir='ltr'><strong>elsi</strong></span> <span class='ocrx_word' id='word_1_139' title='bbox 928 2229 983 2289; x_wconf 89' lang='lat' dir='ltr'><strong>viri</strong></span> <span class='ocrx_word' id='word_1_140' title='bbox 997 2228 1086 2289; x_wconf 91' lang='lat' dir='ltr'><strong>huius</strong></span> 
     </span>
     <span class='ocr_line' id='line_1_23' title="bbox 162 2312 1087 2395; baseline -0.002 -22"><span class='ocrx_word' id='word_1_141' title='bbox 162 2315 347 2393; x_wconf 76' lang='lat' dir='ltr'><strong>petitionem</strong></span> <span class='ocrx_word' id='word_1_142' title='bbox 369 2314 517 2395; x_wconf 72' lang='lat' dir='ltr'><strong>repellere</strong></span> <span class='ocrx_word' id='word_1_143' title='bbox 538 2333 602 2375; x_wconf 92' lang='lat' dir='ltr'><strong>non</strong></span> <span class='ocrx_word' id='word_1_144' title='bbox 621 2313 796 2395; x_wconf 72' lang='lat' dir='ltr'><strong>potuimus,</strong></span> <span class='ocrx_word' id='word_1_145' title='bbox 827 2319 860 2372; x_wconf 94' lang='lat' dir='ltr'><strong>ut</strong></span> <span class='ocrx_word' id='word_1_146' title='bbox 879 2312 1087 2388; x_wconf 70' lang='lat' dir='ltr'><strong>iustissimum,</strong></span> 
     </span>
     <span class='ocr_line' id='line_1_24' title="bbox 163 2394 1087 2463; baseline -0.004 -6"><span class='ocrx_word' id='word_1_147' title='bbox 163 2396 394 2457; x_wconf 80' lang='lat' dir='ltr'><strong>narrationibus</strong></span> <span class='ocrx_word' id='word_1_148' title='bbox 426 2397 489 2457; x_wconf 89' lang='lat' dir='ltr'><strong>suis</strong></span> <span class='ocrx_word' id='word_1_149' title='bbox 521 2395 700 2463; x_wconf 68' lang='lat' dir='ltr'><strong>medentes.</strong></span> <span class='ocrx_word' id='word_1_150' title='bbox 744 2402 845 2455; x_wconf 88' lang='lat' dir='ltr'><strong>tamen</strong></span> <span class='ocrx_word' id='word_1_151' title='bbox 880 2400 951 2455; x_wconf 83' lang='lat' dir='ltr'><strong>ente</strong></span> <span class='ocrx_word' id='word_1_152' title='bbox 983 2394 1087 2454; x_wconf 85' lang='lat' dir='ltr'><strong>omnia</strong></span> 
     </span>
     <span class='ocr_line' id='line_1_25' title="bbox 164 2466 1086 2559; baseline -0.004 -20"><span class='ocrx_word' id='word_1_153' title='bbox 164 2466 296 2539; x_wconf 88' lang='lat' dir='ltr'><strong>miriflee</strong></span> <span class='ocrx_word' id='word_1_154' title='bbox 317 2478 434 2558; x_wconf 80' lang='lat' dir='ltr'><strong>planet,</strong></span> <span class='ocrx_word' id='word_1_155' title='bbox 466 2479 550 2559; x_wconf 92' lang='lat' dir='ltr'><strong>quod</strong></span> <span class='ocrx_word' id='word_1_156' title='bbox 571 2478 793 2539; x_wconf 76' lang='lat' dir='ltr'><strong>illustrissimae</strong></span> <span class='ocrx_word' id='word_1_157' title='bbox 815 2484 885 2537; x_wconf 88' lang='lat' dir='ltr'><strong>tuae</strong></span> <span class='ocrx_word' id='word_1_158' title='bbox 908 2475 1086 2538; x_wconf 82' lang='lat' dir='ltr'><strong>Celsitudini</strong></span> 
     </span>
     <span class='ocr_line' id='line_1_26' title="bbox 163 2556 1085 2642; baseline -0.002 -23"><span class='ocrx_word' id='word_1_159' title='bbox 163 2561 347 2639; x_wconf 75' lang='lat' dir='ltr'><strong>simpliciter</strong></span> <span class='ocrx_word' id='word_1_160' title='bbox 367 2572 398 2621; x_wconf 89' lang='lat' dir='ltr'><strong>et</strong></span> <span class='ocrx_word' id='word_1_161' title='bbox 419 2582 494 2642; x_wconf 86' lang='lat' dir='ltr'><strong>pure</strong></span> <span class='ocrx_word' id='word_1_162' title='bbox 512 2561 610 2622; x_wconf 78' lang='lat' dir='ltr'><strong>delent</strong></span> <span class='ocrx_word' id='word_1_163' title='bbox 628 2560 777 2621; x_wconf 80' lang='lat' dir='ltr'><strong>bonorem</strong></span> <span class='ocrx_word' id='word_1_164' title='bbox 791 2556 1085 2621; x_wconf 76' lang='lat' dir='ltr'><strong>senetee’enolesiae</strong></span> 
     </span>
     <span class='ocr_line' id='line_1_27' title="bbox 163 2640 1085 2723; baseline -0.002 -20"><span class='ocrx_word' id='word_1_165' title='bbox 163 2649 199 2704; x_wconf 86' lang='lat' dir='ltr'><strong>et</strong></span> <span class='ocrx_word' id='word_1_166' title='bbox 220 2660 344 2703; x_wconf 85' lang='lat' dir='ltr'><strong>summo</strong></span> <span class='ocrx_word' id='word_1_167' title='bbox 354 2642 504 2722; x_wconf 77' lang='lat' dir='ltr'><strong>Pontifici,</strong></span> <span class='ocrx_word' id='word_1_168' title='bbox 526 2661 628 2723; x_wconf 82' lang='lat' dir='ltr'><strong>neque</strong></span> <span class='ocrx_word' id='word_1_169' title='bbox 648 2662 706 2705; x_wconf 88' lang='lat' dir='ltr'><strong>nos</strong></span> <span class='ocrx_word' id='word_1_170' title='bbox 728 2660 864 2722; x_wconf 84' lang='lat' dir='ltr'><strong>nuquam.</strong></span> <span class='ocrx_word' id='word_1_171' title='bbox 884 2640 967 2701; x_wconf 78' lang='lat' dir='ltr'><strong>alind</strong></span> <span class='ocrx_word' id='word_1_172' title='bbox 988 2642 1085 2720; x_wconf 85' lang='lat' dir='ltr'><strong>eapie-</strong></span> 
     </span>
     <span class='ocr_line' id='line_1_28' title="bbox 165 2722 1087 2811; baseline -0.003 -26"><span class='ocrx_word' id='word_1_173' title='bbox 165 2744 246 2785; x_wconf 84' lang='lat' dir='ltr'><strong>mus.</strong></span> <span class='ocrx_word' id='word_1_174' title='bbox 291 2726 432 2811; x_wconf 68' lang='lat' dir='ltr'><strong>Deniqm</strong></span> <span class='ocrx_word' id='word_1_175' title='bbox 450 2727 481 2785; x_wconf 83' lang='lat' dir='ltr'><strong>id</strong></span> <span class='ocrx_word' id='word_1_176' title='bbox 503 2726 661 2805; x_wconf 68' lang='lat' dir='ltr'><strong>sommus,</strong></span> <span class='ocrx_word' id='word_1_177' title='bbox 693 2726 735 2785; x_wconf 83' lang='lat' dir='ltr'><strong>si·</strong></span> <span class='ocrx_word' id='word_1_178' title='bbox 750 2731 890 2805; x_wconf 83' lang='lat' dir='ltr'><strong>repertus</strong></span> <span class='ocrx_word' id='word_1_179' title='bbox 919 2722 1009 2785; x_wconf 80' lang='lat' dir='ltr'><strong>luerit</strong></span> <span class='ocrx_word' id='word_1_180' title='bbox 1037 2722 1087 2783; x_wconf 86' lang='lat' dir='ltr'><strong>bie</strong></span> 
     </span>
     <span class='ocr_line' id='line_1_29' title="bbox 165 2805 1087 2889; baseline -0.005 -20"><span class='ocrx_word' id='word_1_181' title='bbox 165 2808 266 2869; x_wconf 83' lang='lat' dir='ltr'><strong>bomo</strong></span> <span class='ocrx_word' id='word_1_182' title='bbox 281 2809 313 2868; x_wconf 93' lang='lat' dir='ltr'><strong>in</strong></span> <span class='ocrx_word' id='word_1_183' title='bbox 335 2808 439 2889; x_wconf 79' lang='lat' dir='ltr'><strong>eliquo</strong></span> <span class='ocrx_word' id='word_1_184' title='bbox 461 2808 543 2869; x_wconf 79' lang='lat' dir='ltr'><strong>male</strong></span> <span class='ocrx_word' id='word_1_185' title='bbox 562 2808 715 2885; x_wconf 78' lang='lat' dir='ltr'><strong>sensisse,</strong></span> <span class='ocrx_word' id='word_1_186' title='bbox 750 2808 874 2867; x_wconf 82' lang='lat' dir='ltr'><strong>erimus.</strong></span> <span class='ocrx_word' id='word_1_187' title='bbox 895 2806 1001 2885; x_wconf 74' lang='lat' dir='ltr'><strong>prinu,</strong></span> <span class='ocrx_word' id='word_1_188' title='bbox 1035 2805 1087 2885; x_wconf 81' lang='lat' dir='ltr'><strong>qui</strong></span> 
     </span>
     <span class='ocr_line' id='line_1_30' title="bbox 166 2888 1086 2967; baseline -0.002 -16"><span class='ocrx_word' id='word_1_189' title='bbox 166 2910 240 2963; x_wconf 77' lang='lat' dir='ltr'><strong>enm</strong></span> <span class='ocrx_word' id='word_1_190' title='bbox 263 2890 395 2951; x_wconf 79' lang='lat' dir='ltr'><strong>alierum</strong></span> <span class='ocrx_word' id='word_1_191' title='bbox 419 2890 608 2966; x_wconf 84' lang='lat' dir='ltr'><strong>babebimus,</strong></span> <span class='ocrx_word' id='word_1_192' title='bbox 631 2888 704 2951; x_wconf 85' lang='lat' dir='ltr'><strong>nibil</strong></span> <span class='ocrx_word' id='word_1_193' title='bbox 727 2890 811 2949; x_wconf 79' lang='lat' dir='ltr'><strong>enim</strong></span> <span class='ocrx_word' id='word_1_194' title='bbox 829 2888 985 2967; x_wconf 83' lang='lat' dir='ltr'><strong>antiquius</strong></span> <span class='ocrx_word' id='word_1_195' title='bbox 1005 2888 1086 2962; x_wconf 74' lang='lat' dir='ltr'><strong>dati</strong></span> 
     </span>
     <span class='ocr_line' id='line_1_31' title="bbox 165 2970 884 3034; baseline 0 -2"><span class='ocrx_word' id='word_1_196' title='bbox 165 2990 238 3032; x_wconf 81' lang='lat' dir='ltr'><strong>neos</strong></span> <span class='ocrx_word' id='word_1_197' title='bbox 258 2972 373 3033; x_wconf 73' lang='lat' dir='ltr'><strong>iuditio</strong></span> <span class='ocrx_word' id='word_1_198' title='bbox 395 2980 523 3034; x_wconf 65' lang='lat' dir='ltr'><strong>eunome</strong></span> <span class='ocrx_word' id='word_1_199' title='bbox 543 2973 706 3034; x_wconf 61' lang='lat' dir='ltr'><strong>&amp;menae</strong></span> <span class='ocrx_word' id='word_1_200' title='bbox 725 2970 884 3033; x_wconf 87' lang='lat' dir='ltr'><strong>soolesiae.</strong></span> 
     </span>
    </p>

    <p class='ocr_par' dir='ltr' id='par_1_5' title="bbox 165 3052 1087 3877">
     <span class='ocr_line' id='line_1_32' title="bbox 251 3052 1087 3135; baseline -0.004 -20"><span class='ocrx_word' id='word_1_201' title='bbox 251 3054 370 3115; x_wconf 86' lang='lat' dir='ltr'><strong>ldoireo</strong></span> <span class='ocrx_word' id='word_1_202' title='bbox 391 3055 422 3115; x_wconf 89' lang='lat' dir='ltr'><strong>id</strong></span> <span class='ocrx_word' id='word_1_203' title='bbox 444 3054 544 3117; x_wconf 83' lang='lat' dir='ltr'><strong>solum</strong></span> <span class='ocrx_word' id='word_1_204' title='bbox 567 3052 777 3135; x_wconf 80' lang='lat' dir='ltr'><strong>llepraoerrur,</strong></span> <span class='ocrx_word' id='word_1_205' title='bbox 800 3054 917 3134; x_wconf 75' lang='lat' dir='ltr'><strong>optime</strong></span> <span class='ocrx_word' id='word_1_206' title='bbox 932 3052 1087 3133; x_wconf 75' lang='lat' dir='ltr'><strong>Pnneepe,</strong></span> 
     </span>
     <span class='ocr_line' id='line_1_33' title="bbox 166 3136 1087 3214; baseline -0.002 -17"><span class='ocrx_word' id='word_1_207' title='bbox 166 3144 199 3197; x_wconf 84' lang='lat' dir='ltr'><strong>et</strong></span> <span class='ocrx_word' id='word_1_208' title='bbox 230 3137 321 3198; x_wconf 76' lang='lat' dir='ltr'><strong>beine</strong></span> <span class='ocrx_word' id='word_1_209' title='bbox 351 3138 449 3199; x_wconf 89' lang='lat' dir='ltr'><strong>nostri</strong></span> <span class='ocrx_word' id='word_1_210' title='bbox 480 3136 591 3214; x_wconf 79' lang='lat' dir='ltr'><strong>studii,</strong></span> <span class='ocrx_word' id='word_1_211' title='bbox 623 3156 706 3197; x_wconf 75' lang='lat' dir='ltr'><strong>suun</strong></span> <span class='ocrx_word' id='word_1_212' title='bbox 733 3136 791 3197; x_wconf 86' lang='lat' dir='ltr'><strong>Dei</strong></span> <span class='ocrx_word' id='word_1_213' title='bbox 826 3136 934 3197; x_wconf 82' lang='lat' dir='ltr'><strong>favore</strong></span> <span class='ocrx_word' id='word_1_214' title='bbox 973 3142 1087 3213; x_wconf 74' lang='lat' dir='ltr'><strong>tueque</strong></span> 
     </span>
     <span class='ocr_line' id='line_1_34' title="bbox 166 3216 1085 3299; baseline 0 -20"><span class='ocrx_word' id='word_1_215' title='bbox 166 3238 266 3299; x_wconf 86' lang='lat' dir='ltr'><strong>opera</strong></span> <span class='ocrx_word' id='word_1_216' title='bbox 286 3218 509 3298; x_wconf 77' lang='lat' dir='ltr'><strong>florentissimi,</strong></span> <span class='ocrx_word' id='word_1_217' title='bbox 531 3221 657 3281; x_wconf 75' lang='lat' dir='ltr'><strong>uniourr</strong></span> <span class='ocrx_word' id='word_1_218' title='bbox 678 3219 873 3299; x_wconf 78' lang='lat' dir='ltr'><strong>praesidium,</strong></span> <span class='ocrx_word' id='word_1_219' title='bbox 896 3226 929 3278; x_wconf 87' lang='lat' dir='ltr'><strong>nt</strong></span> <span class='ocrx_word' id='word_1_220' title='bbox 949 3216 1085 3279; x_wconf 69' lang='lat' dir='ltr'><strong>illustria</strong></span> 
     </span>
     <span class='ocr_line' id='line_1_35' title="bbox 166 3302 1085 3382; baseline -0.001 -23"><span class='ocrx_word' id='word_1_221' title='bbox 166 3303 247 3362; x_wconf 87' lang='lat' dir='ltr'><strong>sime</strong></span> <span class='ocrx_word' id='word_1_222' title='bbox 268 3309 325 3363; x_wconf 77' lang='lat' dir='ltr'><strong>tea</strong></span> <span class='ocrx_word' id='word_1_223' title='bbox 345 3302 504 3363; x_wconf 80' lang='lat' dir='ltr'><strong>Oelsitotlo</strong></span> <span class='ocrx_word' id='word_1_224' title='bbox 523 3321 586 3363; x_wconf 90' lang='lat' dir='ltr'><strong>non</strong></span> <span class='ocrx_word' id='word_1_225' title='bbox 608 3302 683 3363; x_wconf 84' lang='lat' dir='ltr'><strong>velit</strong></span> <span class='ocrx_word' id='word_1_226' title='bbox 704 3302 841 3382; x_wconf 80' lang='lat' dir='ltr'><strong>gravari,</strong></span> <span class='ocrx_word' id='word_1_227' title='bbox 870 3307 904 3361; x_wconf 83' lang='lat' dir='ltr'><strong>et</strong></span> <span class='ocrx_word' id='word_1_228' title='bbox 921 3306 1085 3379; x_wconf 76' lang='lat' dir='ltr'><strong>postquam</strong></span> 
     </span>
     <span class='ocr_line' id='line_1_36' title="bbox 165 3382 1086 3445; baseline -0.003 -2"><span class='ocrx_word' id='word_1_229' title='bbox 165 3383 338 3445; x_wconf 78' lang='lat' dir='ltr'><strong>humillime</strong></span> <span class='ocrx_word' id='word_1_230' title='bbox 350 3410 353 3415; x_wconf 96' lang='lat'>·</span> <span class='ocrx_word' id='word_1_231' title='bbox 365 3391 397 3444; x_wconf 91' lang='lat' dir='ltr'><strong>et</strong></span> <span class='ocrx_word' id='word_1_232' title='bbox 424 3384 623 3445; x_wconf 79' lang='lat' dir='ltr'><strong>devotissime</strong></span> <span class='ocrx_word' id='word_1_233' title='bbox 642 3384 803 3445; x_wconf 85' lang='lat' dir='ltr'><strong>Romanae</strong></span> <span class='ocrx_word' id='word_1_234' title='bbox 831 3382 981 3443; x_wconf 82' lang='lat' dir='ltr'><strong>aeolesise</strong></span> <span class='ocrx_word' id='word_1_235' title='bbox 1002 3394 1086 3441; x_wconf 81' lang='lat' dir='ltr'><strong>rere·</strong></span> 
     </span>
     <span class='ocr_line' id='line_1_37' title="bbox 165 3464 1087 3547; baseline -0.004 -20"><span class='ocrx_word' id='word_1_236' title='bbox 165 3467 297 3527; x_wconf 87' lang='lat' dir='ltr'><strong>rentiam</strong></span> <span class='ocrx_word' id='word_1_237' title='bbox 331 3468 384 3542; x_wconf 90' lang='lat' dir='ltr'><strong>(ut</strong></span> <span class='ocrx_word' id='word_1_238' title='bbox 411 3467 478 3526; x_wconf 87' lang='lat' dir='ltr'><strong>sine</strong></span> <span class='ocrx_word' id='word_1_239' title='bbox 499 3466 675 3547; x_wconf 73' lang='lat' dir='ltr'><strong>mngleterio</strong></span> <span class='ocrx_word' id='word_1_240' title='bbox 708 3472 813 3526; x_wconf 88' lang='lat' dir='ltr'><strong>nostro</strong></span> <span class='ocrx_word' id='word_1_241' title='bbox 843 3478 935 3543; x_wconf 81' lang='lat' dir='ltr'><strong>quam</strong></span> <span class='ocrx_word' id='word_1_242' title='bbox 971 3464 1087 3543; x_wconf 83' lang='lat' dir='ltr'><strong>optime</strong></span> 
     </span>
     <span class='ocr_line' id='line_1_38' title="bbox 166 3546 1086 3629; baseline -0.005 -20"><span class='ocrx_word' id='word_1_243' title='bbox 166 3547 316 3609; x_wconf 70' lang='lat' dir='ltr'><strong>luterem</strong></span> <span class='ocrx_word' id='word_1_244' title='bbox 338 3548 468 3624; x_wconf 85' lang='lat' dir='ltr'><strong>seimus)</strong></span> <span class='ocrx_word' id='word_1_245' title='bbox 492 3568 549 3629; x_wconf 81' lang='lat' dir='ltr'><strong>per</strong></span> <span class='ocrx_word' id='word_1_246' title='bbox 569 3548 672 3608; x_wconf 84' lang='lat' dir='ltr'><strong>literas</strong></span> <span class='ocrx_word' id='word_1_247' title='bbox 695 3546 883 3623; x_wconf 84' lang='lat' dir='ltr'><strong>exhibuerit,</strong></span> <span class='ocrx_word' id='word_1_248' title='bbox 912 3546 1000 3606; x_wconf 85' lang='lat' dir='ltr'><strong>huius</strong></span> <span class='ocrx_word' id='word_1_249' title='bbox 1022 3552 1086 3605; x_wconf 77' lang='lat' dir='ltr'><strong>ten-</strong></span> 
     </span>
     <span class='ocr_line' id='line_1_39' title="bbox 167 3627 1087 3711; baseline -0.005 -20"><span class='ocrx_word' id='word_1_250' title='bbox 167 3633 238 3691; x_wconf 80' lang='lat' dir='ltr'><strong>oen</strong></span> <span class='ocrx_word' id='word_1_251' title='bbox 261 3630 394 3691; x_wconf 78' lang='lat' dir='ltr'><strong>bominis</strong></span> <span class='ocrx_word' id='word_1_252' title='bbox 416 3627 605 3711; x_wconf 71' lang='lat' dir='ltr'><strong>petitionem,</strong></span> <span class='ocrx_word' id='word_1_253' title='bbox 627 3628 805 3709; x_wconf 79' lang='lat' dir='ltr'><strong>praesertim</strong></span> <span class='ocrx_word' id='word_1_254' title='bbox 827 3630 868 3690; x_wconf 88' lang='lat' dir='ltr'><strong>ob</strong></span> <span class='ocrx_word' id='word_1_255' title='bbox 890 3627 1087 3689; x_wconf 71' lang='lat' dir='ltr'><strong>rovehndem</strong></span> 
     </span>
     <span class='ocr_line' id='line_1_40' title="bbox 168 3708 1086 3793; baseline 0 -24"><span class='ocrx_word' id='word_1_256' title='bbox 168 3714 305 3773; x_wconf 83' lang='lat' dir='ltr'><strong>veritatis</strong></span> <span class='ocrx_word' id='word_1_257' title='bbox 327 3714 490 3793; x_wconf 84' lang='lat' dir='ltr'><strong>puritatem</strong></span> <span class='ocrx_word' id='word_1_258' title='bbox 511 3710 690 3792; x_wconf 85' lang='lat' dir='ltr'><strong>laborantis,</strong></span> <span class='ocrx_word' id='word_1_259' title='bbox 713 3730 774 3771; x_wconf 91' lang='lat' dir='ltr'><strong>non</strong></span> <span class='ocrx_word' id='word_1_260' title='bbox 793 3710 1009 3788; x_wconf 81' lang='lat' dir='ltr'><strong>oblivisoatur,</strong></span> <span class='ocrx_word' id='word_1_261' title='bbox 1031 3708 1086 3769; x_wconf 79' lang='lat' dir='ltr'><strong>sed</strong></span> 
     </span>
     <span class='ocr_line' id='line_1_41' title="bbox 167 3790 1085 3877; baseline -0.005 -21"><span class='ocrx_word' id='word_1_262' title='bbox 167 3795 341 3877; x_wconf 80' lang='lat' dir='ltr'><strong>implorare.</strong></span> <span class='ocrx_word' id='word_1_263' title='bbox 355 3793 496 3875; x_wconf 58' lang='lat' dir='ltr'><strong>(ignetur</strong></span> <span class='ocrx_word' id='word_1_264' title='bbox 517 3794 618 3855; x_wconf 89' lang='lat' dir='ltr'><strong>luoem</strong></span> <span class='ocrx_word' id='word_1_265' title='bbox 638 3794 678 3872; x_wconf 87' lang='lat' dir='ltr'><strong>ei,</strong></span> <span class='ocrx_word' id='word_1_266' title='bbox 700 3809 790 3872; x_wconf 85' lang='lat' dir='ltr'><strong>quem</strong></span> <span class='ocrx_word' id='word_1_267' title='bbox 810 3793 841 3853; x_wconf 83' lang='lat' dir='ltr'><strong>in</strong></span> <span class='ocrx_word' id='word_1_268' title='bbox 863 3790 996 3853; x_wconf 87' lang='lat' dir='ltr'><strong>tenebris</strong></span> <span class='ocrx_word' id='word_1_269' title='bbox 1017 3808 1085 3851; x_wconf 85' lang='lat' dir='ltr'><strong>esse</strong></span> 
     </span>
    </p>
   </div>
   <div class='ocr_carea' id='block_1_3' title="bbox 0 0 1308 4300">
    <p class='ocr_par' dir='ltr' id='par_1_6' title="bbox 0 0 1308 4300">
     <span class='ocr_line' id='line_1_42' title="bbox 0 0 1308 4300; baseline 0 0"><span class='ocrx_word' id='word_1_270' title='bbox 0 0 1308 4300; x_wconf 95' lang='lat' dir='ltr'><strong> </strong></span> 
     </span>
    </p>
   </div>
  </div>
 </body>
</html>
