2600 4300
172 334 176 342 ·
234 314 275 384 12
484 319 641 389 sumno
660 319 696 374 n.
713 319 792 374 usa.
811 319 923 374 unser

527 433 532 470 l

233 488 364 568 duodus,
385 507 477 570 quam
498 495 539 557 tn.
560 490 601 552 m
621 492 681 552 nisi
701 509 799 553 uanos
820 497 891 553 tuos
912 509 1036 554 vererer
1055 491 1160 569 (siout

232 591 285 634 ma
304 571 430 653 donet),
457 575 596 655 proleoto
630 575 711 636 hano
738 581 821 636 tuem
841 574 1073 636 distinotionam
1096 593 1158 655 pro

233 655 382 736 dignitate
404 662 576 719 umorem.
955 694 957 704 ·

314 739 437 824 Primo,
458 742 526 820 quis
547 739 633 801 dedit
654 739 727 819 tibi,
749 746 803 801 aut
817 740 890 802 divo
912 741 1050 803 Thomna
1071 741 1159 802 hano

232 827 429 902 potestatam,
450 830 484 884 ut
503 824 629 884 verbnm
653 824 909 904 simplieissimum
931 825 1154 905 simplicissimi

232 910 265 967 et
286 905 368 966 unioi
389 905 525 968 dootoris
542 906 659 967 Christi
692 908 724 966 in
759 913 820 968 tres
844 906 998 974 divideres
1028 907 1157 969 sentus?

231 985 371 1048 Hoooiua
390 995 439 1049 est
458 991 638 1070 scripturam
661 991 867 1070 interpretari,
889 1011 930 1050 an
949 992 1054 1082 potius
1077 990 1156 1052 dila·

215 1070 357 1134 ,suntal
399 1071 470 1146 Qua
489 1075 649 1152 seriptum,
673 1071 782 1152 quibus
804 1073 950 1153 patribus,
973 1075 1083 1154 quibus
1106 1093 1157 1134 1·ss

230 1153 367 1214 tionibus
386 1154 469 1218 hano
490 1155 721 1234 distinotionam
737 1156 883 1234 stabilias,
906 1157 1049 1236 quaeso?
1071 1157 1156 1218 'l'ho-

231 1255 300 1298 uae
321 1255 385 1298 uon
409 1237 518 1318 oredo,
541 1239 731 1316 silvestrum,
754 1240 810 1300 atsi
830 1239 939 1300 Palatii
962 1241 1157 1322 magistrum,

230 1338 502 1481 κεοὲθῡιιιιάιιπι,
524 1378 633 1464 iterum
656 1409 778 1464 ruotuas
801 1404 1030 1466 Aristotelicum
1051 1405 1157 1485 philo-

231 1485 372 1566 sophiam
395 1486 435 1548 da
455 1488 567 1548 virtute
588 1487 708 1563 morali,
730 1487 769 1548 de
792 1486 927 1568 objecto,
949 1488 988 1549 ds
1009 1497 1081 1550 aotn
1098 1489 1156 1550 ali-

229 1570 302 1645 oito,
325 1570 413 1648 quasi
433 1588 493 1650 ego
506 1569 581 1630 talia
594 1589 750 1648 nunquam
764 1570 923 1648 audierim,
945 1570 1056 1632 deinde
1070 1590 1157 1651 quae

228 1651 303 1712 talia
323 1658 403 1728 suut,
424 1657 459 1712 nt
478 1654 509 1712 in
532 1653 650 1732 populo
664 1651 768 1714 donari
791 1673 854 1714 non
875 1655 1007 1734 possint,
1028 1673 1089 1716 neo
1111 1654 1155 1714 ad

229 1735 397 1815 scriptume
430 1735 795 1816 intelligentiamutilia,
823 1741 966 1816 portenta
1000 1737 1157 1798 duntaxat

228 1817 408 1896 uerborum,
434 1837 497 1879 non
519 1820 578 1878 nisi
599 1817 638 1878 ad
662 1819 878 1881 contentiones
899 1819 1049 1881 fovendas
1077 1839 1156 1880 oon-

228 1899 309 1962 dota.

309 1983 424 2063 Tertio,
446 1984 680 2062 poenitentiam,
693 1985 845 2062 virtutem,
858 1983 997 2046 dolorem
1009 1985 1157 2052 voluntat

226 2067 265 2128 tis
287 2065 407 2128 definis.
433 2065 511 2143 Qua,
531 2085 621 2146 rogo,
642 2067 829 2128 autoritate?
856 2067 943 2128 Tua?
966 2067 1046 2143 Quid
1069 2068 1155 2130 haee

227 2149 267 2211 od
289 2151 451 2212 Martinum
473 2150 534 2230 ¹)?

248 2282 252 2289 .
310 2232 443 2312 Quarto,
471 2233 556 2312 quod
584 2240 633 2293 est
665 2234 801 2295 oninium
823 2235 1051 2313 acutissimum,
1086 2236 1156 2297 imo

227 2317 464 2377 immanissimus
498 2322 620 2377 oaastns
646 2316 778 2392 Entelli,
808 2316 890 2396 quod
925 2319 1177 2402 poenitentiam·

226 2400 324 2479 primo
347 2398 442 2462 modo
452 2400 597 2461 virtutem
617 2398 781 2479 distinguis
803 2418 823 2459 a
838 2400 1029 2480 poenitentia
1052 2402 1151 2463 tertio

146 2504 158 2529 ·
226 2481 340 2560 modo,
369 2500 462 2562 quarn
483 2501 578 2543 voees
600 2501 723 2544 omnem
746 2484 845 2543 earnis
869 2482 1154 2545 mortifieatiouem.

226 2564 311 2645 Ergo
327 2565 519 2644 poenitentia
531 2566 625 2625 virtus
638 2582 702 2627 uon
718 2563 881 2627 mortificat
896 2566 1043 2627 earnem?
1066 2566 1155 2643 Quid

184 2725 187 2728 Ι
226 2666 302 2728 argo
313 2647 406 2709 fauit?
426 2645 569 2709 Vividoat
581 2666 716 2725 uernam,
734 2648 783 2709 vel
796 2648 869 2709 sinit
882 2650 986 2710 vivere
1002 2651 1156 2746 earnem?

226 2728 318 2804 Quod
339 2737 443 2793 autam
465 2749 529 2793 non
549 2729 714 2792 mortifioet
732 2748 866 2809 ournenu
888 2736 941 2792 tus
962 2732 1017 2793 illa
1037 2732 1158 2812 probat

225 2814 403 2875 acutissima
421 2812 595 2890 distinctio,
625 2815 699 2893 qnia
718 2815 911 2893 poenitentia
931 2815 1030 2894 primo
1052 2815 1155 2877 modo

225 2914 289 2955 non
311 2903 359 2957 ast
379 2897 572 2977 poenitentia
592 2897 683 2960 tertio
707 2895 810 2957 modo.
833 2896 901 2959 lino
922 2896 968 2957 sia
988 2898 1154 2980 intelligo:

225 2978 420 3041 Poanitentia
440 2978 532 3041 dolor
547 2979 731 3059 voluntatis,
765 2980 817 3058 qui
845 2998 918 3041 vere
948 2979 1156 3043 mortifleator

225 3062 326 3123 sumis
347 3069 405 3139 est,
427 3081 490 3123 non
513 3061 679 3125 mortifieat
699 3080 834 3123 earnem.
877 3062 910 3125 Si
931 3063 1154 3127 haeoGerms-

224 3164 283 3205 nus
303 3143 437 3223 dioeret,
458 3144 600 3225 trigidum
623 3144 744 3205 eoelum
768 3145 948 3225 culparem,
970 3166 1052 3207 nune
1076 3149 1156 3228 quia

187 3222 194 3233 '
223 3226 318 3290 Italus
339 3228 418 3289 liaeo
437 3227 532 3304 dicit,
561 3227 618 3289 sub
640 3227 759 3289 ardenti
788 3228 878 3291 ooelo
901 3228 1037 3310 degens,
1057 3232 1154 3311 ‘quid

223 3310 438 3390 praetendam,
475 3328 538 3371 non
560 3310 707 3385 invenio,
735 3312 795 3373 nisi
823 3310 907 3391 quod
928 3331 1032 3373 verum
1062 3320 1096 3375 ts
1117 3316 1151 3374 in

162 3403 168 3428 2
224 3393 358 3472 epistola
378 3392 483 3455 dieara
503 3391 615 3472 eredo,
649 3394 768 3457 soilioat
788 3401 822 3464 ta
842 3401 875 3457 at
893 3413 1000 3455 sonam
1023 3414 1093 3457 esse
1119 3405 1154 3458 et

224 3476 255 3535 in
268 3476 496 3537 commentariis
504 3475 646 3537 Thomae
668 3483 818 3537 nontam
839 3478 1029 3558 implicitum,
1052 3498 1151 3557 quam

224 3559 421 3638 immersum,
442 3560 506 3628 imo
527 3558 718 3619 submersum
743 3558 847 3623 eredo.

280 3806 313 3871 1)
333 3806 416 3862 luia:
452 3807 609 3863 botherum.
