2600 4300
424 354 444 395 s
462 340 594 462 cesino
613 310 783 411 dre-n.
1000 338 1064 407 ms
1094 352 1096 361 ·

139 504 414 589 testimonialium,
445 530 542 573 unum
567 511 618 573 vel
646 511 736 592 plura
757 508 912 592 publieum
929 530 998 573 eeu·
1011 530 1064 593 pe

139 590 237 668 bliea,
269 590 337 655 lieri
357 601 451 674 atque
472 593 583 655 eonfiei
605 595 694 675 petiit
714 595 948 655 instrumentum
971 600 1003 655 et
1022 595 1065 655 in»

139 679 323 740 strumenta
550 721 554 729 ·
1053 703 1057 741 t

221 747 306 819 Abla
325 758 449 821 luerunt
469 758 735 839 baeo⁰Anguetne,
758 768 789 821 et
810 758 923 823 ibidem
945 760 978 821 in
1001 778 1064 823 mo

138 842 278 903 nasterio
300 840 424 903 Ordinis
442 842 580 903 Fratrum
603 843 853 918 Carmelitarum‚
884 842 939 929 epb
973 862 1066 921 enno,
1114 906 1118 923 ,

136 923 323 1001 indietione,
345 924 406 1003 die,
428 944 535 987 mense
556 932 588 987 et
608 926 808 1007 pontiliostu,
831 924 939 1005 quibus
962 944 1065 1006 supra,

137 1006 356 1085 praesentibus
389 1008 504 1069 ibidem
536 1008 769 1071 honorabilibus
804 1009 899 1087 vbis,
934 1007 1065 1071 dominis

138 1089 319 1151 Veneeslao
348 1090 534 1171 steinbeiss,
578 1099 610 1152 et
645 1091 887 1153 Bartholomaeo
920 1092 1065 1169 Utamair,

137 1171 332 1253 presbyteris
353 1170 560 1255 Augustanus
582 1175 747 1254 dioeoesis,
769 1174 897 1235 testibus
919 1174 958 1235 ad
980 1192 1065 1255 pree„

138 1256 237 1316 missa
257 1258 378 1317 voeatis
401 1264 495 1337 atque
517 1260 644 1339 rogetis.
979 1264 982 1273 “

222 1339 266 1399 Et
292 1358 352 1420 ego
374 1339 482 1401 Gallus
503 1340 695 1421 Kunigenter
722 1340 762 1401 de
790 1338 1066 1421 Herbraebtingen,

137 1421 452 1503 laieueAufflrsteneie
462 1423 627 1498 diocessis,
638 1424 777 1504 publicus
790 1424 885 1485 saeris
894 1422 1066 1503 apostoliea

139 1510 171 1565 et
189 1506 348 1585 imperiali
368 1505 584 1577 autoritatibus
598 1506 756 1590 Notarius,
780 1507 853 1586 quie
873 1502 1067 1585 supradietee

138 1587 314 1649 schedulae
335 1588 554 1669 appellationis
564 1588 595 1672 ¹)
619 1590 820 1669 exhibitioni,
841 1589 1066 1669 proroeationi,

141 1670 359 1751 submissioni,
403 1671 615 1751 apostolorum
650 1674 805 1753 petitioni,
844 1672 1067 1753 protestationi,

142 1754 354 1834 omnibusque
374 1754 443 1815 aliis
464 1763 496 1815 et
517 1756 645 1837 singulis
667 1756 853 1837 praemissis,
876 1754 947 1815 dum
972 1754 1069 1833 (sieut

141 1836 372 1918 praemittitur)
396 1836 507 1901 fierent
526 1845 559 1902 et
579 1846 752 1920 agerentur,
774 1858 835 1899 una
857 1857 924 1899 eum
939 1856 1067 1919 praeno·
1116 1830 1120 1841 ’
1198 1862 1199 1865 ’

143 1921 272 1981 minatis
302 1920 433 1984 metibus
460 1940 608 2001 praesens
642 1928 675 1983 et
706 1921 910 2002 personaliter
935 1921 1067 1995 interlui,

142 2022 244 2082 eaque
269 2004 376 2064 omnia
396 2010 428 2065 et
448 2004 571 2085 singula
590 2005 636 2065 eie
656 2004 722 2067 fleri
744 2004 806 2065 vidi
827 2010 859 2065 et
879 2003 991 2065 audivi.
1020 2000 1067 2065 Id-

143 2087 227 2150 eireo
250 2086 315 2147 hoe
335 2105 482 2167 praesens
512 2087 667 2168 publioum
693 2089 947 2165 instrumentum,
975 2104 1067 2150 manu

143 2171 273 2250 propria
293 2171 450 2250 seriptum
472 2171 585 2232 exinde
606 2172 744 2250 eonfeoi,
767 2171 948 2251 subseripsi,
971 2169 1067 2250 publi·

142 2255 221 2331 navi,
244 2259 279 2313 et
298 2254 330 2314 in
352 2253 433 2314 hane
453 2253 608 2333 publicem
631 2255 761 2316 formam
777 2253 893 2334 redegi,
915 2254 1066 2334 signoque

143 2343 175 2403 et
194 2336 326 2397 nornine
348 2337 423 2396 meis
444 2337 543 2398 solitis
565 2347 597 2397 et
610 2338 765 2400 eonsuetis
780 2337 909 2419 signavi,
931 2337 962 2396 in
973 2334 1064 2396 fldem

142 2425 173 2480 et
193 2419 408 2480 testimonIum
420 2422 557 2480 omnium
578 2427 610 2482 et
621 2421 812 2501 singulorum
828 2419 1069 2500 praemissorum

143 2509 273 2583 rogatus
296 2507 329 2563 et
349 2503 523 2580 requisitus.

247 2615 257 2629 r
300 2580 304 2588 ’
374 2584 598 2664 sotorum)
623 2586 661 2646 D.
684 2585 844 2646 Martini
993 2655 999 2666 ι

181 2667 312 2728 Lutberi
333 2667 415 2748 apud
437 2668 585 2750 Legatum
606 2668 822 2749 Apostolieum
847 2667 1006 2747 Augustae

560 2751 653 2812 Finis.

397 3040 400 3044 A
505 2909 708 3034 Epistola

147 3060 466 3154 promiscuorum,
494 3075 585 3138 mur
606 3076 638 3138 e.
661 3075 738 3138 erxe
768 3047 943 3155 Presbp'rteri
966 3070 1069 3134 oen-
1122 3047 1127 3059 ’

148 3155 244 3234 nelis,
273 3153 312 3216 ad
339 3155 377 3218 D.
405 3156 608 3236 Friderioum‚
636 3154 796 3233 Saxopiae
820 3157 955 3234 Ducem,
990 3154 1069 3216 seori

149 3238 270 3318 Imperii
293 3237 466 3302 Eleetorem
489 3247 547 3305 ete.
569 3241 609 3302 de
629 3241 754 3304 Lutheri
775 3259 884 3319 eausa,
918 3244 990 3319 post
1010 3236 1069 3299 die
1096 3252 1102 3270 ‘

232 3340 354 3382 omium
377 3322 515 3386 eiusdem
536 3323 658 3386 Lutheri
681 3343 720 3386 ex
741 3324 882 3405 Augusta
904 3338 985 3381 anno

496 3406 536 3468 Ill.
558 3405 596 3468 D.
616 3407 725 3470 XVIII.

122 3547 125 3554 '
231 3531 439 3594 Illustrissime
460 3539 493 3595 et
513 3533 773 3596 exeellentissime
793 3533 959 3614 Princeps,
988 3527 1073 3590 venit

152 3615 255 3677 Frater
280 3616 427 3678 Martinus
454 3615 603 3679 Lntherue
631 3636 699 3678 eum
736 3615 832 3678 literis
868 3611 1072 3704 excellentiae

156 3839 189 3894 od
223 3767 306 3894 iginius
316 3767 444 3823 edient
464 3768 652 3838 appellationi.
680 3763 1023 3832 2)Hasen0n1eguntnr
1041 3761 1071 3814 in

190 3857 235 3910 .p
281 3857 305 3896 e.
