2600 4300
230 321 294 392 alt
470 327 595 400 spuet·
614 330 643 384 u.
661 329 771 384 sumi
789 329 901 388 uoueri

232 496 412 562 aarum
435 499 529 562 totius
550 517 664 562 causae
686 519 774 562 meae
793 500 999 581 exponendae
1015 501 1152 562 oemio-

231 599 304 642 nem
324 580 437 642 datam.
470 581 571 644 Unum
598 583 698 644 solum
727 583 766 644 ab
797 582 1003 646 illustrissima
1024 583 1151 645 Oelsits-

232 663 305 726 diue
325 670 379 725 tua
399 672 541 745 precatus
563 666 658 736 luero,
680 673 713 728 ut
733 666 889 728 sordidum
911 667 994 728 hunc
1015 673 1046 728 et
1069 685 1152 726 men·

179 771 183 780 ·
232 745 333 808 dicum
355 748 563 810 Frateraulum
585 749 732 829 splendor
751 749 969 831 magnitudinis
998 757 1071 814 tuac
1094 750 1153 809 ale·

231 831 420 892 mestissime
442 831 553 892 toleret
575 832 807 896 balbutientem.

313 913 444 976 Primum
467 934 540 974 vere
560 915 664 977 scribit
684 916 882 978 Reverendus
904 917 1056 990 Dominus
1082 915 1154 977 Gar·

230 993 356 1076 dinalis,
387 1017 438 1058 me
457 997 543 1058 saluo
567 998 720 1060 conductu
749 999 885 1060 voluisse
908 1001 1026 1060 muniri*
1047 1019 1151 1060 meam

229 1077 389 1162 Augustae
410 1083 623 1160 praesentiam.
657 1082 765 1162 Neque
792 1082 824 1142 id
847 1083 905 1143 feei
927 1090 980 1143 aut
1002 1102 1076 1144 meo
1101 1090 1154 1144 aut

229 1161 452 1224 illustrissimae
474 1164 700 1226 Dominationie
724 1173 794 1226 tuae
815 1165 963 1240 oonsilio,
993 1165 1048 1226 sed
1082 1167 1155 1226 ami-

230 1263 338 1307 corum
359 1244 547 1328 singulorum
570 1255 601 1308 et
613 1250 760 1328 omnium,
783 1248 1031 1328 quibus'fueram
1054 1249 1153 1309 literis

230 1327 472 1408 commendatus,
494 1336 625 1410 excepto
645 1349 726 1408 uno,
748 1329 912 1411 magnifico
934 1331 1073 1392 Domino
1098 1331 1155 1392 Ur·

229 1411 311 1474 bano
333 1411 472 1491 Oratore,
493 1415 545 1492 qui
566 1414 651 1474 solus
672 1414 774 1475 multia
795 1413 895 1474 verbis
911 1413 1064 1475 dissuasit.
1092 1413 1153 1474 Sed

229 1513 358 1557 amessa
377 1496 434 1558 tuit
455 1496 546 1574 mibi,
568 1503 602 1556 ut
622 1515 731 1558 omues
752 1497 935 1577 praeferrem
959 1499 1028 1577 uni,
1059 1517 1104 1557 ne
1130 1499 1154 1556 si

229 1577 310 1658 quid
322 1585 439 1640 temere
459 1579 532 1640 mihi
554 1581 744 1659 contigisset,
767 1599 816 1640 me
838 1581 1064 1661 contempsisse
1082 1581 1154 1640 sori-

229 1659 337 1722 berent
356 1668 389 1722 et
409 1661 633 1724 illustrissimae
650 1663 877 1724 Dominationis
900 1669 971 1723 luae
993 1681 1152 1724 commen·

228 1741 386 1804 Monam
417 1751 452 1805 et
469 1745 605 1825 ipsorum
627 1743 835 1806 fidelissimam
858 1764 996 1826 operam.
1029 1745 1155 1806 Deinde

135 1851 140 1859 ·
230 1846 292 1887 non
321 1828 471 1907 capitoei,
500 1827 555 1888 sed
579 1829 726 1888 naturalis
762 1827 889 1890 affectus
927 1837 995 1905 est,
1036 1829 1153 1890 multos

227 1907 400 1971 Germanos
421 1917 514 1970 antea
534 1911 677 1990 cognitos
712 1918 805 1991 atque
832 1911 896 1972 vita
925 1918 956 1972 et
982 1913 1154 1974 autoritate

229 1991 376 2072 celebres,
388 2013 407 2054 a
418 2013 468 2054 me
479 1992 634 2062 Germano
648 1994 792 2074 praeferri
804 1995 856 2054 uni
870 1993 960 2058 Italo.
983 1997 1054 2076 lpsa
1070 1996 1154 2056 enim

227 2077 312 2138 natio
320 2081 351 2137 et
359 2075 522 2138 multitudo
535 2095 594 2156 me,
606 2095 707 2158 spero,
719 2077 883 2138 iustissime
894 2077 1098 2158 excusabunt,
1113 2097 1155 2138 ne

229 2158 341 2221 Orator
360 2160 414 2221 ille
433 2160 575 2223 dominus
597 2160 777 2241 magnificus
790 2178 824 2221 se
846 2180 926 2222 ame
937 2167 1154 2243 contemptum

229 2244 330 2323 possit
355 2244 483 2305 causari.

289 2324 360 2387 Non
382 2346 456 2407 ergo
479 2333 541 2405 tua,
563 2326 766 2388 illustrissime
786 2326 954 2407 Princeps,
976 2324 1154 2389 diffidentia

229 2408 387 2491 arguenda
405 2410 477 2487 fuit,
506 2410 569 2470 imo
598 2410 667 2489 plus
688 2410 719 2469 in
741 2408 1030 2471 reverendissimum
1052 2410 1152 2472 domi-

203 2493 301 2552 ‘num
313 2492 460 2573 [egsum
471 2491 622 2553 conlisum
644 2497 701 2571 est,
724 2510 815 2572 quam
827 2499 1026 2573 speraverant
1047 2494 1151 2570 amici,

228 2574 272 2635 ita
292 2582 327 2634 ut
354 2592 453 2635 meam
484 2576 688 2636 temeritatem
709 2577 908 2653 mirarentur,
937 2594 991 2636 seu
1017 2574 1070 2659 (ut
1091 2578 1151 2657 ipsi

222 2656 439 2732 honorabant)
463 2657 640 2736 audaciam,
669 2657 752 2738 quod
785 2659 851 2719 sine
871 2658 1025 2721 conductu
1048 2679 1149 2721 essem

228 2740 386 2821 ingressus
413 2741 592 2821 Augustam.
642 2740 845 2803 Mandaverat
877 2742 958 2801 enim
982 2742 1055 2802 milri
1083 2742 1150 2803 illu-

228 2823 378 2883 strissima
398 2829 451 2884 tua
465 2822 642 2885 Dominatio
664 2842 720 2903 per
736 2823 925 2904 Spoletinum
949 2842 1062 2899 meum,
1085 2846 1147 2887 nou

229 2922 298 2966 esse
318 2905 393 2967 milri
413 2908 620 2967 neceesarium
632 2906 751 2967 salvum
766 2906 964 2985 conductum,
983 2907 1064 2969 adeo
1081 2908 1149 2969 illu-

228 2989 323 3049 striss.
345 2995 398 3050 tua
417 2988 521 3052 Celsit
551 2990 656 3050 omnia
676 2989 759 3051 bona
781 2988 819 3051 de
840 2990 1000 3053 reverend.
1029 2990 1148 3071 Legeto

228 3072 453 3153 praesumebat.

311 3155 498 3216 Percurram-
517 3161 549 3216 et
575 3161 680 3216 cetera
710 3154 861 3236 epistolae
887 3154 1149 3217 Reverendissimi

229 3236 457 3321 dominibsgati
479 3238 629 3317 membra,
654 3256 692 3299 ec
704 3238 811 3319 paucis
822 3236 1017 3319 respondebo
1040 3236 1080 3299 ad
1102 3256 1148 3299 ea.

311 3320 395 3383 Vere
417 3321 522 3383 scribit
543 3341 593 3383 me
625 3321 750 3383 tandem
774 3322 983 3401 comparuisse
1010 3329 1041 3383 et
1074 3319 1146 3381 dila·

227 3404 344 3464 tionem
366 3422 493 3465 aoceem
521 3422 560 3464 ac
591 3404 669 3465 salvi
702 3402 872 3465 conductus
900 3403 1146 3487 impetrationem

166 3476 182 3501 '¹
229 3502 401 3547 excusasse.
462 3485 610 3548 Dicebam
643 3487 725 3547 enim
755 3506 805 3547 me
842 3506 861 3547 a
891 3488 999 3569 magni
1024 3486 1145 3547 Ordinis

229 3566 386 3644 utriusque
413 3566 508 3629 status
540 3568 612 3629 viris
642 3568 737 3629 irrisae
771 3570 944 3647 monitum,
973 3588 1013 3631 ue
1044 3588 1145 3647 muros

228 3644 482 3729 Vuittembergae
499 3650 678 3731 egrederer,
705 3670 775 3713 esse
793 3654 884 3713 ‘enim
920 3651 992 3713 mihi
1021 3650 1144 3712 insidias

229 3730 283 3782 aut
301 3724 371 3785 ferri
393 3738 446 3789 aut
465 3734 577 3793 veneni
597 3739 729 3812 paratas.
760 3734 880 3797 Deinde
901 3734 1005 3797 addidi
1026 3742 1059 3797 et
1079 3753 1145 3797 oeu-

229 3819 294 3860 ··'¹¹
315 3809 516 3893 praedictam,
538 3814 656 3876 scilicet
676 3816 845 3878 amicornm
866 3817 998 3881 studium
1020 3820 1145 3883 uomina
