2600 4300
427 329 462 384 sd
481 332 509 382 o.
528 330 600 384 Frid.
620 331 705 384 Eiect.
724 329 789 384 dex.
990 327 1052 392 415

134 496 197 556 ficis
219 497 402 580 simpliciter
422 480 536 579 accipi,
558 519 620 561 non
643 499 895 580 habitatatione,
917 515 956 556 so
979 515 1053 558 con-

135 582 268 641 sentiunt
290 582 358 642 cum
380 583 541 663 scripturis
562 601 670 647 necue.

213 663 347 745 Verum,
382 668 498 746 optimc
519 667 680 746 Princeps,
712 667 868 745 permittat
895 663 1051 724 Oclsitudo
1100 716 1127 758 ·.
1196 705 1197 710 η

135 752 192 824 tus,
203 752 238 806 ut
249 755 283 808 et
293 767 353 830 ego
367 755 511 829 tanquam
524 767 627 810 corum
634 748 728 808 Laico
739 749 819 808 hano
837 765 901 806 rem
915 753 1051 823 tractem,

134 828 163 886 id
199 837 265 908 cst,
299 836 403 892 crasse
434 840 466 892 et
497 840 612 912 aperte.
646 831 727 892 Volo
760 831 878 904 interim
913 829 1052 892 oblivisci

135 915 317 972 acerrimum
331 915 407 974 iliud
428 922 459 975 et
479 915 619 976 omnibus
637 914 821 974 doctissimis
849 929 971 992 quoque
992 913 1051 972 ior-

135 995 279 1056 midcbils
301 998 463 1079 iudicium,
490 1017 551 1076 quo
573 999 655 1058 Deus
682 998 840 1076 insignivit
861 1013 935 1076 proc
956 996 1055 1064 omni-¹

134 1079 197 1155 bus,
219 1081 301 1159 quos
323 1089 429 1141 nostra
449 1080 525 1142 vidit
545 1087 641 1158 cetos,
663 1081 817 1160 ingenium
830 1079 978 1158 Principis
989 1078 1051 1140 Fri·

134 1161 235 1224 densi.
267 1163 347 1224 Dico
370 1166 474 1243 itaque
501 1182 562 1223 nou
585 1183 656 1224 csse
685 1181 785 1223 rarum
812 1167 904 1240 utque
927 1180 1053 1240 novum„

134 1243 308 1324 Scripturas
330 1255 452 1307 sanctos
473 1246 697 1318 sPontiiicibus
719 1252 750 1305 ct
761 1245 945 1305 Ductoribus
964 1263 1050 1304 sanc·
1096 1245 1103 1256 “

135 1329 170 1386 tis
205 1327 304 1388 fuisse
345 1337 456 1408 tortos,
492 1335 539 1389 et·
555 1331 586 1388 in
616 1330 749 1389 ahenum
779 1345 901 1387 sensum
935 1327 1056 1406 ductos„

135 1409 225 1490 quod,
251 1431 294 1471 ne
315 1413 529 1492 multiscgcm‚
551 1413 645 1472 etiam
667 1429 770 1472 cresso
788 1412 898 1489 cuique
920 1409 1051 1470 bubulco

136 1493 249 1552 ciorum
273 1495 401 1573 facicm,
433 1513 492 1556 uno
522 1502 610 1556 extro
632 1497 823 1575 propositum
848 1500 898 1567 (ut
919 1497 1049 1570 vocant)

135 1578 279 1656 exemplo
303 1579 446 1639 adducto.
476 1605 480 1625 ι

213 1659 300 1720 Dicit
320 1661 489 1721 Decrstoiis
521 1660 672 1739 quosdam
707 1660 746 1720 de
768 1657 1050 1720 constitutionibus:
1078 1665 1084 1674 ‘

135 1742 299 1803 Transluto
313 1744 496 1821 sacerdotio,
518 1761 647 1803 necesse
669 1750 725 1821 est,
748 1746 780 1803 ut
792 1743 870 1822 legis
886 1740 940 1802 iist
956 1750 1051 1801 trans·

136 1826 218 1885 intio.
241 1825 330 1887 Haec
351 1827 444 1887 verbu
465 1827 599 1906 apostoli
622 1831 693 1886 sunt
707 1825 932 1905 apudidbrneos
946 1843 1013 1904 cop.
1031 1827 1050 1886 7

137 1907 288 1983 docentis,
310 1910 482 1988 temporale
501 1909 707 1970 sacerdotium
729 1915 760 1968 et
781 1909 889 1990 legem·
903 1908 1052 1986 abrogata

137 1999 165 2048 et
185 1990 273 2051 finito
296 1992 480 2052 succedente
502 2000 627 2053 aeterno
640 1991 944 2052 sacerdotioGhristi.
967 1987 1052 2050 Haec

138 2082 181 2132 sst
206 2077 336 2155 propris
371 2083 402 2136 et
435 2077 570 2157 genuino
603 2076 755 2135 sententis
783 2074 945 2134 verborum
979 2091 1047 2154 spo·

139 2158 216 2218 stoli.
345 2169 350 2176 '
720 2192 722 2198 ι

216 2241 260 2301 At
281 2244 312 2300 in
335 2242 488 2318 Decretsli
510 2247 559 2303 est
579 2242 638 2301 istc
660 2242 826 2316 sententis,
849 2238 1053 2300 sacerdotium

141 2323 249 2384 Christi
272 2333 321 2384 est
339 2325 516 2385 translatum
528 2326 560 2384 iu
573 2325 604 2386 fl.
622 2325 753 2401 Petrum,
777 2325 821 2383 sio
838 2324 919 2383 enim
931 2324 1055 2382 iuristsc

140 2408 386 2486 interpretantur.
418 2407 492 2482 Quis
520 2425 583 2467 non
613 2406 696 2467 videt
717 2407 848 2467 cliensm
877 2425 945 2465 esse
974 2406 1054 2465 hooc

139 2490 382 2570 intelligentium,
405 2498 436 2551 et
447 2508 570 2571 prorsus
579 2490 683 2568 telem,
705 2508 793 2569 quoe,
816 2490 874 2548 nisi
897 2488 992 2552 multo
1005 2508 1052 2548 su·
1084 2546 1089 2555 ,

141 2571 212 2631 dore
236 2574 427 2645 moderetur,
463 2575 503 2633 sit
522 2574 703 2652 impiissima
725 2573 870 2637 omnium.
907 2572 1053 2651 impiissi-

141 2674 218 2713 mum
241 2657 323 2715 enim
346 2662 394 2716 est
414 2656 526 2735 dicere,
547 2656 750 2717 secerdotium
763 2655 872 2717 Christi
895 2661 1051 2715 aeternum

142 2756 208 2797 esse
228 2740 419 2817 translatum,
439 2740 552 2817 idest,
573 2739 753 2819 abrogatum
768 2737 937 2813 etfinitum
961 2744 992 2798 et
1013 2730 1073 2799 le·'

142 2840 206 2899 gem
236 2823 302 2882 eius
330 2829 486 2883 aeternam
515 2840 584 2882 esse
606 2822 784 2903 obrogatsm
813 2830 844 2881 ct
864 2821 1052 2899 translatam,

142 2910 171 2962 nt
190 2904 298 2965 Petrus
320 2907 359 2965 sit
378 2905 521 2965 sacerdos
543 2910 575 2964 et
596 2905 754 2985 legislator
775 2912 879 2964 amoto
901 2904 1031 2965 Christo.

217 2986 301 3047 Nolo
322 2988 443 3048 Petrum
477 2998 529 3046 sut
549 2988 675 3048 Paulum
709 2987 821 3047 hebere
849 2986 1050 3059 sacerdotem,

144 3072 285 3147 quoniam
314 3076 345 3130 et
372 3072 439 3150 ipse
466 3076 611 3150 peccator
633 3077 695 3148 est,
723 3090 785 3130 non
814 3070 946 3148 habens,
969 3071 1051 3150 quod

144 3171 239 3230 neque
261 3173 318 3232 pro
342 3172 392 3229 sc,
413 3172 513 3232 neque
531 3153 613 3231 quod
636 3172 692 3233 pro
715 3172 764 3213 me
787 3152 903 3216 offeret.
947 3153 1051 3213 Utin·

144 3237 224 3295 terim
239 3242 368 3314 toccum,
390 3236 472 3314 quod
494 3238 523 3297 in
546 3235 645 3298 solum
654 3236 773 3297 Petrum
797 3236 943 3296 oGhristo
956 3242 1050 3297 truns-

143 3317 230 3377 istum
260 3319 385 3391 dicitur,
410 3320 496 3397 qussi
523 3320 616 3381 ceteri
643 3318 776 3399 apostoli
802 3319 871 3379 laici
897 3338 1050 3379 remonse·
1084 3336 1087 3357 ·

144 3401 210 3478 rint,
246 3410 300 3462 sut
320 3420 339 3460 n
360 3401 391 3465 S.
413 3402 503 3463 Petro
530 3403 563 3461 in
582 3402 745 3482 apostolos
775 3401 905 3461 ordinati
931 3402 1049 3465 fuerint.

146 3481 260 3556 Quanto
282 3486 394 3544 rectius
416 3504 489 3565 ergo
509 3504 573 3544 non
594 3484 819 3562 sacerdotium,
841 3483 896 3543 sed
917 3485 1051 3545 ministe-

146 3568 214 3625 rium
233 3575 354 3627 tantum
376 3568 539 3628 sacerdotii
560 3569 591 3627 in
600 3569 722 3629 Petrum
744 3568 876 3645 positum
898 3567 1049 3647 intellige·

146 3658 234 3726 retur,
263 3658 317 3709 out
337 3650 398 3710 aiio
421 3668 604 3729 quocunque
624 3668 726 3726 sensu,
748 3648 797 3726 qui
821 3648 960 3707 illaesum
983 3668 1048 3729 per·

146 3734 238 3792 mittat
257 3752 435 3813 germanum
457 3732 589 3812 apostoli
611 3744 742 3793 sensum.
778 3780 783 3790 .

218 3815 362 3894 Nunquid
388 3833 463 3895 ergo
491 3814 571 3875 mole
599 3813 685 3891 dico,
714 3813 740 3873 si
769 3814 798 3871 in
827 3810 936 3876 faciem
958 3812 1046 3873 huius
