2600 4300
211 299 215 310 Ι
241 324 303 391 150
489 328 684 383 Rosolntionos
702 328 811 447 Dispnt.
830 330 906 384 Lotis

239 498 280 572 in
293 498 395 560 multis
413 496 538 559 milibus
559 498 734 559 hircorum?
756 498 996 578 Nunquiddnbo
1009 500 1157 582 primogs

241 582 337 643 nitnm
359 600 461 643 meum
483 598 540 661 pro
563 581 680 642 scelere
702 600 789 659 meo,
811 582 940 643 frustum
962 585 1079 645 ventris
1099 587 1158 645 mei

241 682 298 744 pro
321 672 452 745 peoonto
469 664 591 725 animae
607 664 717 725 meae?
739 684 768 743 q.
780 664 809 725 d.
819 666 865 745 ¹):
887 666 968 744 Non,
991 684 1063 745 qma
1073 666 1158 729 Deus
1182 732 1189 739 ,

239 766 297 827 pro
305 754 455 827 peceato
484 747 568 807 nulla
596 747 670 807 tatia
696 749 838 826 requirit,
862 749 925 811 sed
955 748 1100 810 iudinium
1129 758 1159 811 et

238 830 478 891 misericordiam
500 838 532 891 et
553 831 712 901 timorem,
745 838 777 891 ut
804 830 919 893 dietum
949 839 1013 911 est,
1042 832 1074 892 id
1104 841 1158 912 est,
1187 855 1194 867 ¹

237 932 353 975 novam
373 915 478 974 ritem.

550 1108 767 1170 Conclusio
789 1106 844 1171 VI.

321 1244 406 1324 Papa
426 1262 490 1306 non
511 1250 616 1323 potest
635 1246 792 1305 remittere
815 1245 909 1306 ullam
932 1248 1072 1327 eulpam,
1101 1249 1158 1308 nisi

240 1326 427 1388 declarando
461 1334 492 1388 et
517 1326 720 1407 approbando
753 1329 912 1390 remissam
948 1350 968 1390 ι
987 1330 1074 1407 Deo,
1108 1338 1160 1391 ont

239 1397 326 1470 uerte
340 1409 525 1471 remittendo
547 1428 636 1470 ossus
658 1417 832 1471 reservatos
854 1412 925 1491 sibi,
956 1412 1065 1493 quibus
1088 1432 1158 1474 oon-

239 1494 364 1574 tamptis
387 1494 475 1573 eulpa
498 1512 623 1573 prorsus
644 1500 827 1555 remuneret.
1057 1550 1061 1557 .

321 1576 423 1636 Prima
442 1595 513 1655 pars
535 1582 583 1636 est
609 1582 674 1636 tam
695 1577 874 1655 manifesta,
903 1585 936 1637 ut
964 1581 1057 1639 etiam
1087 1598 1158 1640 non-

239 1659 313 1719 iessi
328 1660 390 1719 sint
402 1658 534 1755 quidem
542 1676 610 1719 esse
620 1660 818 1737 impropriam
836 1662 1016 1733 orationem,
1033 1662 1157 1741 quando

239 1760 323 1822 popa
342 1741 397 1802 dat
416 1743 630 1802 remissionem
654 1742 773 1821 eulpae,
796 1743 848 1803 etii
869 1762 954 1823 vero,
977 1764 1011 1804 se
1032 1764 1097 1805 non
1114 1747 1158 1807 in-

239 1825 388 1905 telligere
431 1824 546 1885 Omnes
568 1825 649 1883 enim
672 1822 856 1885 confitentur
883 1846 901 1887 ι
924 1826 993 1887 soln
1015 1828 1084 1887 Deo
1112 1847 1158 1888 re-

238 1908 317 1968 mitti
338 1908 476 2004 eulpam,
505 1906 671 1967 seeundum
698 1907 773 1967 iilud
796 1907 866 1968 Dsa.
889 1910 944 1973 43:
988 1909 1057 1990 Ego
1080 1930 1158 1989 snm,

180 2018 183 2024 ·
227 2010 299 2071 ¹ego
321 2010 388 2054 sum
410 1992 492 2070 ipse,
521 1991 572 2069 qui
602 1989 693 2049 deleo
727 1990 902 2068 iniquitates
935 1999 1003 2053 tuns
1031 1999 1159 2073 propter

239 2093 305 2152 me,
338 2079 370 2134 et
400 2079 596 2154 pennatorum
633 2079 754 2133 tuorum
792 2092 854 2134 nnn
888 2074 1091 2154 recordabor,
1127 2083 1158 2137 et

238 2157 336 2218 lobon
359 2161 393 2221 1:
435 2157 517 2217 Eone
536 2176 634 2235 eguus
655 2156 728 2233 Dei,
759 2175 831 2218 eoos
853 2159 904 2236 qui
926 2159 1008 2219 tollit
1027 2167 1158 2240 pennata

241 2240 355 2318 mundi,
378 2245 410 2301 et
422 2240 524 2299 Psaim
539 2238 656 2307 1302)·
675 2238 709 2300 Si
732 2239 907 2319 iniquitates
931 2241 1156 2320 observaveris,

238 2323 388 2400 Domine,
416 2323 567 2398 Domine,
589 2321 656 2400 quis
688 2322 868 2384 sustinebit?
910 2322 990 2397 Quia
1018 2343 1057 2404 sp
1059 2325 1100 2384 ud
1128 2334 1158 2386 te

238 2407 416 2486 propitiatio
445 2411 507 2480 est,
538 2410 571 2465 et
600 2403 694 2464 infre:
736 2405 828 2485 Apud
850 2406 1015 2482 Dominum
1044 2409 1158 2470 miseri·

241 2489 355 2566 oordin,
378 2490 558 2567 etcopiose
579 2485 660 2567 opud
683 2505 752 2546 eum
774 2488 956 2567 redemptio,
979 2491 1098 2571 etipse
1111 2511 1157 2551 re·

240 2570 336 2631 dimet
347 2572 440 2631 israel
453 2591 492 2630 ex
506 2570 646 2631 omnibns
658 2570 909 2648 iniquitatibus
883 2589 957 2649 erus,
967 2579 998 2633 et
1008 2573 1059 2634 Ps.
1067 2573 1158 2669 bt²):

240 2653 303 2714 Gor
324 2653 469 2714 mnndum
493 2672 564 2714 oren
583 2653 615 2713 in
636 2671 687 2712 mo
708 2652 792 2714 Deus
814 2659 872 2714 eto.
915 2655 1012 2716 Μιιιι
1039 2655 1135 2718 alia
1126 2677 1157 2716 ιι

241 2737 408 2817 seripturis
446 2737 487 2796 Et
507 2736 616 2797 beatus
636 2733 828 2814 Augustinus
850 2742 958 2798 eontra
980 2738 1157 2800 Donatistae

241 2825 303 2880 tam
325 2818 533 2908 frequentibus
566 2817 711 2897 operibus
739 2817 814 2878 nihil
844 2819 925 2879 aliud
954 2821 1034 2901 agit,
1067 2841 1156 2901 quam

240 2901 322 2982 quod
344 2921 364 2962 a
385 2902 454 2963 solo
468 2900 543 2962 Deo
565 2902 760 2962 remittuntur
779 2907 916 2982 pensate.

324 2983 467 3046 Seonnda
492 3004 563 3064 pnrs
598 2983 737 3044 similiter
768 2986 841 3044 setis
872 2991 975 3064 patet·
1007 2986 1080 3064 quia
1106 2989 1156 3066 qui

241 3073 454 3129 rontemneret
474 3086 563 3129 nasus
583 3071 774 3144 reservatos,
803 3073 885 3128 eerte
905 3085 969 3128 non
991 3069 1153 3130 remittere-

240 3158 291 3212 tur
311 3151 340 3211 ei
362 3150 427 3210 ulla
447 3149 546 3230 eulpn
575 3148 635 3224 Qui
650 3167 709 3209 vos
731 3152 856 3229 spernit,
877 3151 984 3229 inquit,
1005 3169 1055 3210 me
1076 3171 1155 3232 sper-

241 3235 296 3311 nit,
317 3235 381 3293 imo
397 3232 499 3293 nullus
513 3233 599 3292 venit
613 3231 743 3292 remissa
754 3233 845 3311 culpo
857 3251 877 3293 a
887 3233 964 3313 Deo,
989 3235 1047 3294 nisi
1068 3235 1154 3294 simul

242 3335 347 3378 seonm
369 3321 473 3395 portet
492 3316 695 3376 reverentiam
718 3314 859 3376 olavium.

323 3399 412 3459 Hono
432 3398 664 3460 conclusionem
687 3398 759 3476 quia
780 3414 888 3461 omnes
917 3417 1022 3459 voram
1050 3416 1153 3460 nonne-

242 3477 334 3558 dunt',
355 3500 419 3542 non
441 3487 490 3541 est
510 3499 653 3560 neeesse,
676 3486 709 3540 ut
730 3499 800 3540 mea
821 3482 991 3542 assertione
1012 3480 1152 3542 firmetur.

243 3562 301 3623 flio
328 3568 431 3622 ιιιιιιιι
461 3557 608 3645 signabo,
639 3581 718 3642 quae
744 3583 794 3624 mo
821 3570 962 3644 movent,
992 3569 1036 3624 et'
1048 3565 1152 3624 iterum

246 3728 451 3747 *nun—fl..

298 3816 331 3884 1)
350 3818 381 3871 In
398 3820 440 3874 ed.
458 3822 519 3878 tan.
537 3823 628 3878 deest:
649 3824 714 3893 qd.
751 3820 784 3890 2)
807 3823 839 3877 In
859 3821 902 3880 od.
920 3825 1024 3895 prinu:
1042 3823 1152 3881 129.50.
