2600 4300
388 310 424 368 ad
440 311 477 373 D.
494 311 642 377 munau
662 311 823 380 curtem·
931 315 932 318 ’
1033 305 1075 382 75

149 485 211 542 tate
238 479 282 547 cd
310 480 521 565 defensionem
549 479 892 566 laudareruutttearn,
918 488 1077 564 quarata,

149 569 302 642 quactum
315 565 356 628 ud
377 573 409 644 te
430 567 552 647 attinet,
569 565 704 649 graviter
725 565 868 645 foedasti,
890 563 969 630 sicut
988 567 1075 634 etti

148 644 179 708 bi
199 665 272 709 eum
296 648 430 713 falsitate
442 647 522 714 bene
534 647 739 715 maledicere?
760 647 792 712 iu
809 667 869 728 qua
884 669 919 711 re
929 651 1076 730 omnium,

148 748 225 810 quoe
254 750 393 812 uuquam
420 731 577 814 legerim,
590 731 725 815 palmam
753 731 1006 814 ,triumphumque
1029 753 1075 796 rs-

148 818 266 892 portas.

231 895 328 970 Quod
350 903 453 958 autem
476 895 551 958 dicis
563 916 619 978 per
631 897 828 969 Germaniam
847 901 931 960 tuam
952 895 984 958 id
1006 895 1076 976 diei,

148 978 271 1058 scilicet
300 979 384 1060 quod
415 979 588 1044 adulatorie
609 979 782 1054 docuerim,
804 979 997 1060 respondeo,
1026 999 1077 1041 me

148 1060 200 1122 tibi
221 1061 304 1124 illud
326 1082 392 1128 uon
414 1062 549 1142 credere,
571 1062 626 1126 sed
648 1065 752 1144 potius
766 1063 848 1143 quod
871 1081 942 1128 mea
963 1064 1077 1160 scripta

149 1151 178 1204 et
197 1145 231 1208 in
254 1145 318 1206 hac
339 1166 373 1206 re
395 1151 427 1205 et
446 1146 478 1206 in
499 1145 567 1206 aliis
588 1147 697 1208 maiori
718 1147 829 1208 honori
842 1152 873 1210 et
883 1153 1076 1212 reverentiae
1180 1209 1187 1216 ,

149 1227 177 1288 iu
200 1225 377 1290 Germania
397 1236 483 1305 suut,
498 1247 597 1310 quam
618 1236 689 1310 tua,
718 1235 750 1292 et
778 1229 858 1295 iorte
887 1248 977 1310 quam
1006 1247 1075 1290 esse

148 1312 284 1390 possint.
327 1311 526 1374 Probaverim
551 1313 612 1374 iata
640 1312 784 1374 facillime
811 1318 844 1374 et
876 1311 924 1404 dc,
943 1313 1019 1377 meis
1042 1313 1074 1374 in

149 1391 291 1473 sphaera
308 1393 516 1458 acTheuricie
528 1397 766 1474 commentariis,
788 1403 819 1458 et
838 1393 877 1456 da
888 1414 982 1458 aurea
993 1395 1077 1458 Rosa

150 1484 179 1536 et
198 1476 403 1554 Silvestrina,
430 1485 461 1541 at
482 1479 648 1560 epitomate
670 1477 828 1558 capreoli,
850 1477 932 1560 quod
954 1477 1076 1558 Lipsiae

150 1578 187 1620 ex
207 1559 318 1642 legato
339 1559 461 1642 publice
482 1561 603 1641 legitur,
624 1567 658 1623 ut
676 1562 792 1644 accepi,
815 1568 846 1624 et
859 1561 898 1624 de
919 1561 999 1639 aliie,
1019 1561 1077 1624 uisi

151 1643 317 1722 timerem,
353 1641 438 1722 quod
466 1643 630 1724 superbum
662 1651 716 1708 aut
748 1663 860 1713 vanum
893 1663 942 1704 me
977 1643 1076 1707 aocla-

152 1744 265 1787 mares.

231 1807 336 1869 Video
370 1815 471 1868 autem
504 1827 587 1868 nunc
618 1815 650 1869 te
677 1809 785 1870 itemm
814 1809 946 1892 querelis
972 1828 1074 1892 agere,

152 1890 233 1970 quod
257 1899 289 1954 te
318 1890 456 1973 pontifici
479 1891 665 1955 invidiosum
688 1891 830 1956 efficiam.
875 1891 935 1959 Sed
958 1891 1074 1955 utinam

152 1980 203 2034 tua
224 1975 356 2054 scripta,
394 1981 426 2034 et
446 1979 530 2038 tirum
552 1973 688 2055 aliquid,
718 1973 802 2058 quod
821 1982 929 2056 aceo,
959 1994 1020 2039 nou
1043 1983 1074 2036 te

153 2055 293 2136 pontifici
317 2064 447 2132 tautum,
468 2055 678 2121 aeduuivereo
703 2055 768 2120 orbi
781 2057 955 2122 Christiano
977 2054 1073 2120 inien-

154 2160 219 2201 sum
248 2141 388 2204 feceriut.
428 2139 498 2221 Ego
534 2140 616 2201 euim
650 2161 720 2203 meo
753 2160 853 2221 more,
888 2141 1009 2205 uivere
1043 2150 1075 2205 et

154 2222 308 2285 humiliter
330 2225 472 2301 senseris,
494 2243 550 2320 pro
572 2222 686 2287 viribus
709 2230 739 2287 te
761 2225 891 2303 iuvab0,
915 2243 973 2289 neo
992 2244 1075 2290 vana

155 2305 284 2385 loquor,
312 2306 471 2387 ingentem
493 2326 597 2388 ignem
617 2308 775 2389 palearum
797 2306 941 2372 folliculis
972 2309 1074 2370 coum-

154 2390 232 2452 tasti.
275 2387 423 2451 Etmodo
447 2389 532 2468 dicia,
554 2388 638 2469 quud
660 2388 780 2455 silendo
803 2396 832 2451 te
857 2390 976 2473 eripere
993 2390 1075 2473 huno

156 2491 308 2617 paqueaeb
343 2470 467 2535 Utinam
495 2479 525 2534 te
552 2471 647 2535 scires
671 2474 788 2555 eripere
818 2472 908 2538 honis
931 2478 962 2535 et
981 2472 1074 2535 dulei-

177 2575 212 2615 ue
232 2575 288 2616 ver
309 2574 347 2615 ie.

235 2637 297 2700 Sed
322 2634 406 2717 quod
427 2636 560 2699 deterius
579 2636 723 2719 dixerim,
754 2638 792 2701 ad
821 2638 957 2718 priorum
980 2658 1072 2703 exau·

157 2722 304 2783 sationem
326 2740 410 2788 nova
431 2720 560 2799 evomis,
583 2727 615 2786 et
634 2720 715 2786 ialea
735 2726 767 2783 et
787 2720 987 2807 semidalosa,
1010 2722 1073 2803 qui·

158 2802 210 2864 bus
231 2810 335 2865 tamen
358 2804 480 2866 niveum
503 2809 620 2877 scutum
643 2804 789 2887 apponis,
823 2805 911 2886 quasi
940 2823 1003 2869 uon
1026 2825 1073 2865 as·

160 2887 283 2964 eertive,
305 2886 361 2948 eed
382 2884 567 2965 disputative
588 2886 741 2967 loquaris,
764 2906 802 2949 ao
822 2886 939 2952 silere
962 2894 993 2963 et
1010 2907 1073 2952 nou

159 2988 247 3049 grave
267 2974 429 3050 peceatum
452 2970 501 3048 ait,
523 2968 597 3034 talia
619 2988 659 3036 ex
676 2968 833 3034 dubietate
853 2966 1019 3050 disputare,
1043 2976 1075 3031 et

160 3050 265 3126 deiude
286 3059 318 3113 te
339 3051 379 3118 ad
400 3052 534 3116 futurum
554 3052 718 3130 campilium
743 3052 829 3133 quasi
857 3052 895 3115 ad
919 3050 1074 3133 singulare

159 3134 338 3275 praesidium
360 3134 516 3211 reducere,
539 3132 622 3213 quod
643 3142 675 3200 te
697 3142 765 3200 tuus
787 3134 839 3200 ille
861 3134 1080 3216 schismaticus

170 3224 232 3277 orte
256 3217 403 3279 docuerit.
448 3216 514 3279 Nec
542 3224 646 3282 amen
674 3218 794 3284 iuterim
824 3218 897 3284 volo
919 3217 1073 3283 Romano·

160 3318 220 3359 mm
232 3300 448 3376 messalarum
470 3305 632 3382 patronum
649 3300 777 3379 vocitas,
799 3307 832 3361 ut
852 3299 1071 3383 interrogando

162 3382 287 3462 minaris,
308 3382 364 3448 aad
386 3384 484 3467 magia
505 3382 532 3447 si
553 3380 631 3445 libet
644 3384 805 3448 Romanae
827 3383 985 3467 doctrinae
1008 3400 1071 3450 nou

162 3472 316 3543 pauonum
336 3464 470 3549 quidam,
491 3464 546 3526 aed
559 3466 765 3549 professorem
778 3467 886 3550 magis,
905 3471 937 3525 et
954 3484 1014 3547 ‚pro
1028 3466 1070 3530 vi-

163 3546 238 3615 ribue
259 3548 460 3624 defensorem.
1036 3562 1038 3567 ’

236 3630 295 3693 Sed
315 3638 349 3692 ut
370 3630 527 3711 dialogum
549 3637 687 3693 nostrum
710 3650 939 3711 prosequamur,
962 3630 1071 3693 scribis

165 3719 191 3773 te
208 3715 338 3792 nesure,
367 3732 407 3774 an
429 3713 523 3774 alium
543 3715 574 3774 in
595 3713 701 3792 ltalia,
726 3718 757 3774 et
778 3712 872 3775 alium
893 3714 924 3774 in
946 3713 1072 3776 Germa·

165 3796 209 3856 nia
226 3796 560 3877 habeamue'l'homam,
582 3794 666 3881 quod
688 3795 807 3861 scilicet
818 3814 879 3880 ego
893 3795 1072 3864 discendam
