2600 4300
226 297 270 377 26
366 343 370 350 ·
481 309 965 388 miserimiseris

226 483 333 570 videa,
361 481 450 562 quod
476 489 628 566 perpetuo
648 483 720 555 ‚hoc
741 483 867 564 dialogo
888 482 1061 564 nihilago,
1091 481 1156 546 nisi

228 565 314 647 quod
335 568 446 633 resisto
460 574 492 628 et
506 566 659 650 redarguo
673 565 889 633 scholasticam
902 565 1094 648 theologiam
1104 565 1156 640 ²¹²),

228 650 262 715 id
282 656 345 725 est,
376 649 485 712 falsam
510 651 678 730 scripturae
706 658 737 710 et
758 656 1017 714 sacramentorum
1040 647 1157 711 iutelli-

252 734 378 803 entr'am.
458 784 461 789 ,
573 772 577 780 ‚
946 729 950 740 ¹

225 754 253 815 g
311 814 473 889 Monada,
502 804 623 898 tuipse
645 809 766 896 cogeris
789 815 907 894 dicere,
926 813 1018 896 cuod
1040 833 1157 881 omnes

230 899 365 958 omnium
387 897 564 958 facultatum
587 899 706 976 dicunt,
734 899 854 963 scilicet
880 919 898 960 a
925 897 993 960 solo
1015 897 1084 961 Deo
1107 916 1158 956 re-

228 982 309 1044 mitti
330 981 460 1060 culpam.
495 981 660 1056 Quomodo
683 1002 756 1064 crgo
780 983 890 1045 virtute
913 981 1045 1044 clavium
1066 980 1160 1039 venit

230 1065 390 1143 contritio,
424 1083 502 1142 quae
533 1065 601 1124 sola
622 1066 733 1128 virtute
755 1067 872 1146 gratiae
892 1063 951 1128 Dei
987 1063 1092 1124 venire
1114 1061 1159 1122 ab

230 1144 372 1215 omnibus
396 1145 524 1208 dicitur?
546 1147 640 1226 Vide,
666 1168 705 1210 ne
728 1156 780 1224 tua
801 1147 969 1211 confutatio
993 1147 1092 1228 magis
1116 1146 1162 1206 sit

230 1229 403 1308 haeretica,
438 1249 528 1308 quarn
562 1250 635 1299 mea
655 1249 710 1312 pra
736 1231 843 1306 ositio,
878 1229 951 1292 licet
978 1227 1161 1292 confutator

228 1312 310 1382 torte
331 1332 394 1376 non
415 1313 457 1374 sit
476 1313 658 1384 haereticus.
701 1251 732 1376 Spi
761 1319 862 1377 autem
891 1313 959 1374 sola
980 1315 1080 1394 gratia
1102 1311 1162 1372 dat

227 1396 463 1476 contritionem,
489 1396 561 1476 quid
585 1397 701 1459 famant
723 1395 875 1462 eeclesiae
897 1395 1018 1480 claves,
1038 1397 1067 1459 si
1091 1414 1161 1454 non

230 1478 390 1538 declarant
403 1479 454 1538 vel
465 1479 638 1558 approbant
655 1481 794 1560 gratiam,
807 1498 895 1560 ,quaa
918 1498 970 1542 eas
987 1480 1048 1544 iam
1066 1497 1161 1558 prae·

230 1561 335 1623 venit?
352 1561 418 1623 lmo
429 1561 532 1622 nullus
547 1563 631 1627 veuit
643 1561 683 1627 ad
696 1568 921 1644 sacramentum
936 1563 1002 1644 sine
1018 1561 1162 1638 fictione,

230 1645 288 1716 nisi
310 1646 410 1724 gratia
432 1663 501 1715 eum
524 1654 670 1711 movente
689 1645 729 1708 ad
752 1653 988 1728 sacramentum.

314 1729 378 1793 Aut
396 1726 561 1807 responde,
583 1727 752 1790 reverende
764 1729 863 1806 Pater,
885 1747 938 1792 cur
954 1734 1032 1799 anta=
1047 1735 1080 1788 et
1091 1747 1162 1790 non

227 1817 304 1890 post
323 1808 509 1890 baptismum
533 1813 687 1889 quaeritur
708 1811 927 1892 baptizandus,
956 1830 996 1872 an
1028 1811 1163 1872 credat?

230 1892 292 1954 Cur
313 1891 519 1971 absolvendus
542 1895 706 1972 quaeritur,
728 1913 766 1954 an
788 1893 897 1962 doleat
918 1893 1010 1975 digne
1025 1893 1066 1957 de
1085 1913 1163 1973 pec·

230 1977 319 2051 catis,
340 1982 505 2054 antequam
527 1976 726 2038 absolvatur?
755 1979 804 2038 An
824 1997 917 2040 ,nova
937 1977 1045 2039 iterum
1070 1977 1163 2038 theo-

230 2058 315 2138 logia
337 2059 497 2121 materiam
530 2062 716 2123 sacramenti
750 2061 961 2142 pneniteutiae
989 2079 1050 2125 nou
1084 2078 1164 2124 con-

230 2141 343 2219 tritum,
366 2139 421 2203 sed
443 2143 576 2205 attritum
599 2143 719 2224 pones?
749 2142 830 2225 Ergo
855 2143 998 2210 conuitio
1020 2162 1087 2204 non
1112 2150 1165 2203 est

230 2226 330 2305 prima
350 2245 421 2305 pars
443 2227 669 2306 poenitentiae,
698 2226 751 2287 sed
769 2228 926 2308 ⁴posterior
946 2226 1165 2303 confessione,

231 2315 264 2367 et
291 2312 393 2369 minen
416 2328 523 2369 omnes
546 2308 667 2387 dicunt,
701 2310 798 2389 quod·
817 2308 970 2371 confessio
993 2310 1061 2372 sine
1085 2328 1164 2369 con-

231 2391 355 2450 tritione
377 2391 461 2451 nulla
483 2394 531 2452 sit.
575 2392 623 2452 An
651 2392 730 2453 forte
762 2400 926 2474 postquam
955 2393 1045 2453 fuerit
1066 2392 1164 2455 abso·

231 2472 331 2549 lutus,
353 2473 385 2535 id
407 2484 474 2552 est,
495 2482 721 2538 sacramentum
743 2484 966 2555 consequutus,
990 2483 1022 2535 et
1042 2477 1166 2535 virtuts

232 2554 363 2619 clavium
385 2558 544 2636 contritus,
566 2566 628 2621 tum
652 2558 776 2621 demum
788 2560 914 2639 incipiat
926 2566 1069 2639 repetere
1084 2577 1165 2621 oon·
1205 2562 1207 2569 ⁴

231 2636 410 2713 tassionem.

316 2720 405 2797 Quod
428 2723 455 2781 si
475 2722 554 2786 haee
574 2723 734 2805 theologia
756 2743 830 2785 vera
852 2730 914 2801 est,
944 2743 1044 2786 meum
1068 2724 1167 2785 fuerit

232 2804 412 2880 consilium,
447 2811 481 2865 ut
508 2804 636 2884 quilibet
670 2814 817 2887 peccator
850 2808 933 2887 prius
968 2806 1165 2884 absolvatur,

235 2906 327 2966 quam
350 2886 492 2950 confiteri
515 2890 715 2968 permittatur.
757 2888 798 2951 Et
819 2890 862 2951 ita
885 2890 988 2954 omnia
1008 2910 1165 2969 perverso

235 2969 345 3031 ordine
370 2971 430 3041 (ita
450 2970 515 3031 vult
536 2971 920 3053 scholasticatheologia)
945 2992 1085 3053 agamus,
1110 2973 1166 3035 ab·

235 3051 386 3121 solvendo
407 3054 499 3113 etiam
524 3053 606 3133 quod
629 3056 792 3131 nescimus.
835 3054 902 3117 lieo
933 3057 1063 3136 gratias,
1081 3055 1165 3117 ‘imo

234 3155 293 3197 vae
315 3134 405 3199 nobis
428 3136 558 3217 miseris,
580 3139 759 3217 quitantiam
774 3136 917 3205 fiduciam
932 3140 964 3221 in
985 3146 1165 3211 creaturam

233 3219 392 3299 ponimus,
428 3224 460 3280 et
492 3218 630 3281 clavibus
665 3228 780 3303 tantam
811 3223 951 3284 virtutem
976 3220 1165 3284 tribuimus.

234 3301 296 3366 Sed
324 3321 387 3363 nou
424 3304 572 3382 permittit
603 3302 693 3368 dolor
728 3312 759 3365 et
787 3306 945 3385 negotium
971 3324 1082 3367 omnes
1120 3326 1166 3367 er·

232 3404 319 3453 rores
331 3384 386 3460 “t
417 3385 449 3445 in
477 3384 538 3449 hcc
565 3394 789 3467 sacramentum
817 3389 956 3450 invectos
983 3408 1040 3468 per
1071 3389 1166 3451 tradi-

234 3469 352 3544 tiones,
367 3468 528 3533 hominum
561 3488 760 3549 percensere,
804 3471 1000 3536 occasionem
1036 3470 1166 3533 dedisse

244 3652 414 3670 ...Τ-...-

309 3752 335 3811 ·)
356 3748 528 3803 Scholastica
537 3748 686 3819 theologia.
709 3751 758 3814 ⁸*)
771 3750 888 3804 Erroras
908 3754 936 3804 in
955 3764 1166 3814 sacramentum

238 3820 425 3890 poenitentiae
442 3822 543 3875 invecti
561 3838 611 3891 per
629 3821 791 3891 traditiones
810 3822 966 3893 bominum.
