2600 4300
216 286 292 357 ,Μ
486 292 683 348 Ituolutiorss
702 292 804 365 lllrpnt.
824 294 903 349 Lau.

229 461 331 525 tardet
350 470 453 524 autam
475 462 564 543 dare,
595 471 630 526 nt
656 471 742 547 putet
762 464 793 527 in
816 464 952 527 omnium
974 471 1144 529 stuctorum

230 545 419 609 orationibus
437 553 469 607 et
489 546 652 627 doctrinis,
687 554 721 609 ut
740 548 851 629 probet
878 550 1145 629 perseverantiam.

227 629 302 693 ideo
326 629 421 773 lonpe
441 628 557 691 distant
575 630 763 712 suffragium,
785 630 958 711 exauditio,
980 632 1147 693 exsecutio·

251 733 291 775 ue
312 730 378 773 erus
401 731 460 777 em.

230 732 251 794 q
311 794 432 874 Tertio,
452 793 536 874 quod
559 794 620 855 hoo
634 796 735 875 ipsum
758 815 840 857 nove
861 796 987 876 dicitur,
1010 798 1078 857 sins
1099 815 1148 855 an-

232 878 357 942 teritate
377 877 442 937 ulla
461 884 571 937 contra
591 878 830 958 prohibitionem
854 881 993 958 canonis,
1017 879 1148 959 nequid

229 961 319 1040 ultra,
341 977 435 1040 quam
456 960 487 1021 in
509 960 605 1020 literis
621 962 804 1042 continetur,
827 962 959 1024 dicatur:
981 962 1054 1023 Non
1075 981 1147 1042 ergo

229 1044 291 1106 Dei
312 1051 344 1105 et
364 1042 525 1119 ecclesiae,
545 1042 576 1102 id
600 1049 662 1122 eat,
685 1064 773 1123 vera,
795 1045 849 1106 ssd
872 1065 927 1107 sua
948 1046 1092 1127 propria,
1120 1044 1150 1105 id
1203 1054 1204 1103 ὲ

230 1134 287 1205 eet,
309 1124 470 1187 mendacio
491 1125 665 1205 loquuntur.
880 1164 888 1170 -
1203 1136 1204 1193 t

312 1208 437 1287 Quinto,
458 1226 521 1269 non
545 1207 688 1269 differunt
708 1210 775 1287 ille,
808 1212 859 1289 qui
883 1211 1016 1291 loquitur
1037 1210 1148 1270 falsum
1203 1228 1204 1281 l

229 1293 372 1374 scienter,
393 1300 426 1351 et
436 1291 499 1369 ille,
521 1293 574 1371 qui
588 1294 699 1353 asserit
716 1300 844 1373 certum,
867 1292 949 1373 quod
965 1294 1070 1354 nescit
1084 1312 1152 1353 esse

230 1382 357 1437 certum.
414 1374 466 1435 Sic
497 1375 578 1435 enim
618 1382 649 1435 et
682 1395 786 1436 verum
819 1376 948 1456 loquens
981 1374 1151 1455 aliquando

231 1460 383 1519 mentitur.
427 1455 488 1518 fied
517 1457 571 1516 illa
596 1459 658 1517 iam
679 1458 762 1520 dicta
783 1460 884 1519 sciunt
915 1458 973 1520 sibi
1005 1478 1080 1520 esse
1110 1460 1152 1519 in·

229 1552 328 1620 certa,
357 1547 512 1601 ettamen
534 1547 619 1601 certa
645 1540 840 1619 affirmant¹)
875 1549 1021 1622 tunquam
1059 1560 1149 1602 evan-

229 1624 326 1706 gelia,
355 1622 440 1683 nulla
461 1624 543 1683 enim
564 1625 729 1685 autoritate
749 1625 799 1685 vel
820 1626 939 1686 ratione
960 1631 1097 1706 possunt
1118 1643 1153 1685 ea

229 1714 314 1769 certa
334 1726 404 1767 esse
424 1704 566 1785 probare.

311 1788 419 1867 Sexto,
441 1794 513 1849 tunc
534 1788 710 1870 suffiugium
727 1788 802 1851 illud
822 1790 1024 1851 essetmelius
1047 1790 1152 1851 alieno

230 1872 352 1950 officio,
384 1879 418 1932 et
436 1890 492 1951 per
516 1871 677 1950 accidens,
711 1892 881 1952 quamsuo
901 1874 1045 1954 proprio,
1084 1873 1155 1952 quia

230 1975 292 2017 non
315 1960 431 2015 tantum
454 1953 582 2034 prodest
597 1956 750 2035 operario,
772 1975 864 2035 quam
888 1956 987 2035 alteri,
1008 1974 1069 2036 pro
1093 1974 1153 2035 quo

229 2038 272 2119 flt,
294 2040 356 2098 imo
371 2038 431 2097 hoc
449 2043 497 2097 est
510 2039 753 2117 peripateticum,
774 2038 846 2100 ideo
859 2046 994 2118 transeo,
1016 2039 1154 2099 maxime

230 2141 299 2185 cum
320 2120 365 2182 illi
386 2121 488 2181 ausint
508 2120 695 2198 concedere,
731 2121 813 2202 quod
842 2140 905 2184 non
936 2122 1058 2204 prosint
1082 2140 1154 2202 ope
1204 2174 1205 2210 ,

228 2207 320 2284 rario,
341 2203 396 2265 aad
418 2204 539 2265 animae
561 2211 618 2267 etc.
649 2204 774 2266 Possem
798 2214 829 2268 ct
850 2225 909 2288 ego
933 2205 1008 2267 istas
1031 2203 1153 2266 tabulas
1204 2211 1205 2276 l

227 2283 371 2351 ridendas
393 2286 554 2366 agitare2)
579 2293 611 2347 et
637 2287 783 2366 illudere,
817 2289 896 2349 sicut
928 2290 985 2370 ipsi
1012 2308 1070 2368 per
1102 2306 1154 2349 eas
1204 2283 1205 2324 l

226 2372 359 2433 illudunt
372 2371 553 2450 ueritatem,
584 2369 639 2431 sed
662 2369 794 2450 desisto,
824 2391 864 2432 ne
895 2373 991 2453 magis
1025 2371 1154 2452 dogma,
1204 2383 1205 2444 f

228 2475 319 2536 quam
340 2454 501 2535 problema
521 2473 638 2533 ponere
660 2453 773 2515 videar.
1204 2463 1205 2480 l

486 2652 702 2714 Conclusio
725 2653 891 2717 XXVIII.

311 2792 435 2855 Certum
445 2796 503 2867 est,
517 2807 642 2850 nummo
655 2791 684 2849 in
703 2789 809 2850 cistam
823 2790 972 2851 tinniente
990 2796 1153 2868 quaestum

229 2885 261 2938 at
282 2875 441 2936 avaritiam
463 2873 568 2953 augeri
590 2891 698 2952 posse,
726 2871 903 2954 suffragium
926 2880 1028 2934 autem
1053 2873 1152 2932 eccle-

102 3011 108 3016 .
229 2962 293 3021 siae
315 2964 362 3018 est
382 2957 412 3016 in
434 2954 559 3016 arbitrio
581 2955 677 3015 solius
699 2955 765 3016 Dei.

312 3041 419 3101 Mirum
442 3046 498 3113 est,
520 3037 603 3117 quod
625 3057 688 3098 non
710 3047 796 3100 tanto
819 3037 919 3099 studio
938 3044 1032 3118 atquc
1056 3037 1151 3099 boatu

229 3127 321 3188 etiam
355 3121 549 3202 evangelium
581 3120 692 3182 Ohristi
720 3121 956 3201 praedicatur³)
990 3120 1152 3182 saluberri-

229 3229 322 3270 mum.
365 3204 452 3280 Quae
472 3224 521 3264 res
551 3211 724 3284 suspectum
751 3205 824 3265 tacit
855 3205 1029 3284 negotium,
1067 3204 1150 3282 quod

228 3293 298 3373 plns
319 3294 480 3371 quaestum
501 3307 594 3368 quam
616 3288 761 3368 pietatem
777 3285 979 3362 aestimaret)
1000 3287 1150 3362 videntur,

230 3376 289 3436 nisi
310 3373 388 3434 forte
410 3371 574 3431 iustissime
589 3378 775 3430 excusentur
795 3369 930 3452 perhoc‚
953 3369 1035 3448 quod
1059 3387 1149 3430 evan·

230 3457 343 3537 galium
368 3454 480 3516 Christi
501 3454 654 3533 ignorant.
705 3454 815 3534 Igitur,
848 3471 916 3513 cum
938 3451 1148 3534 indulgentiae

303 3658 335 3723 1)
362 3658 393 3709 ln
423 3655 467 3709 ed.
490 3657 591 3725 princ:
621 3670 678 3707 non
704 3657 850 3709 affirmant
897 3657 930 3723 2)
949 3659 979 3710 In
1010 3655 1052 3713 ed.
1071 3657 1147 3710 dem:

191 3827 216 3875 ο
232 3729 384 3851 pap-pigre.
433 3725 467 3792 3)
495 3727 528 3778 ln
545 3725 580 3780 ad
612 3727 715 3802 princ.3
743 3727 892 3796 praedicat.
935 3727 1145 3798 t)1bid.:axi·
