<?xml version="1.0" encoding="UTF-8"?>
<!DOCTYPE html PUBLIC "-//W3C//DTD XHTML 1.0 Transitional//EN"
    "http://www.w3.org/TR/xhtml1/DTD/xhtml1-transitional.dtd">
<html xmlns="http://www.w3.org/1999/xhtml" xml:lang="en" lang="en">
 <head>
  <title>
</title>
<meta http-equiv="Content-Type" content="text/html;charset=utf-8" />
  <meta name='ocr-system' content='tesseract 3.04.00' />
  <meta name='ocr-capabilities' content='ocr_page ocr_carea ocr_par ocr_line ocrx_word'/>
</head>
<body>
  <div class='ocr_page' id='page_1' title='image "./operalatinavari06schmgoog_0306.png"; bbox 0 0 2600 4300; ppageno 0'>
   <div class='ocr_carea' id='block_1_1' title="bbox 189 306 906 393">
    <p class='ocr_par' dir='ltr' id='par_1_1' title="bbox 189 306 906 393">
     <span class='ocr_line' id='line_1_1' title="bbox 189 306 906 393; baseline 0.007 -23"><span class='ocrx_word' id='word_1_1' title='bbox 189 317 265 393; x_wconf 66' lang='grc' dir='ltr'><strong>Ι296</strong></span> <span class='ocrx_word' id='word_1_2' title='bbox 515 316 648 375; x_wconf 69' lang='lat' dir='ltr'><strong>nunnus</strong></span> <span class='ocrx_word' id='word_1_3' title='bbox 667 306 818 388; x_wconf 70' lang='lat' dir='ltr'><strong>mum·</strong></span> <span class='ocrx_word' id='word_1_4' title='bbox 854 347 858 354; x_wconf 93' lang='lat'>-</span> <span class='ocrx_word' id='word_1_5' title='bbox 902 356 906 363; x_wconf 77' lang='grc'><em>.</em></span> 
     </span>
    </p>
   </div>
   <div class='ocr_carea' id='block_1_2' title="bbox 174 487 1133 2387">
    <p class='ocr_par' dir='ltr' id='par_1_2' title="bbox 189 487 1133 2122">
     <span class='ocr_line' id='line_1_2' title="bbox 203 487 1126 569; baseline 0 -21"><span class='ocrx_word' id='word_1_6' title='bbox 203 488 413 569; x_wconf 67' lang='lat' dir='ltr'><strong>Demiurgum,</strong></span> <span class='ocrx_word' id='word_1_7' title='bbox 441 507 517 569; x_wconf 76' lang='lat' dir='ltr'><strong>ergo</strong></span> <span class='ocrx_word' id='word_1_8' title='bbox 545 487 577 548; x_wconf 75' lang='lat' dir='ltr'><strong>iti</strong></span> <span class='ocrx_word' id='word_1_9' title='bbox 598 487 655 549; x_wconf 84' lang='lat' dir='ltr'><strong>luit</strong></span> <span class='ocrx_word' id='word_1_10' title='bbox 674 487 871 550; x_wconf 73' lang='lat' dir='ltr'><strong>hoereticum.</strong></span> <span class='ocrx_word' id='word_1_11' title='bbox 912 487 955 548; x_wconf 77' lang='lat' dir='ltr'><strong>lit</strong></span> <span class='ocrx_word' id='word_1_12' title='bbox 976 487 1126 550; x_wconf 71' lang='lat' dir='ltr'><strong>breuiter:</strong></span> 
     </span>
     <span class='ocr_line' id='line_1_3' title="bbox 203 567 1129 652; baseline 0.001 -21"><span class='ocrx_word' id='word_1_13' title='bbox 203 567 327 633; x_wconf 77' lang='lat' dir='ltr'><strong>Nullum</strong></span> <span class='ocrx_word' id='word_1_14' title='bbox 358 577 406 631; x_wconf 84' lang='lat' dir='ltr'><strong>est</strong></span> <span class='ocrx_word' id='word_1_15' title='bbox 432 577 614 652; x_wconf 80' lang='lat' dir='ltr'><strong>pesculum,</strong></span> <span class='ocrx_word' id='word_1_16' title='bbox 651 567 820 650; x_wconf 73' lang='lat' dir='ltr'><strong>quamlibet</strong></span> <span class='ocrx_word' id='word_1_17' title='bbox 857 571 941 648; x_wconf 85' lang='lat' dir='ltr'><strong>leve,</strong></span> <span class='ocrx_word' id='word_1_18' title='bbox 979 573 1054 649; x_wconf 86' lang='lat' dir='ltr'><strong>quin</strong></span> <span class='ocrx_word' id='word_1_19' title='bbox 1089 575 1129 632; x_wconf 82' lang='lat' dir='ltr'><strong>sit</strong></span> 
     </span>
     <span class='ocr_line' id='line_1_4' title="bbox 204 653 1127 742; baseline 0.003 -29"><span class='ocrx_word' id='word_1_20' title='bbox 204 659 311 722; x_wconf 75' lang='lat' dir='ltr'><strong>contin</strong></span> <span class='ocrx_word' id='word_1_21' title='bbox 332 653 512 742; x_wconf 74' lang='lat' dir='ltr'><strong>Scriplnrqs.</strong></span> <span class='ocrx_word' id='word_1_22' title='bbox 553 653 627 714; x_wconf 86' lang='lat' dir='ltr'><strong>Ideo</strong></span> <span class='ocrx_word' id='word_1_23' title='bbox 650 655 800 732; x_wconf 77' lang='lat' dir='ltr'><strong>sequitur,</strong></span> <span class='ocrx_word' id='word_1_24' title='bbox 828 653 913 732; x_wconf 87' lang='lat' dir='ltr'><strong>quod</strong></span> <span class='ocrx_word' id='word_1_25' title='bbox 935 662 1048 714; x_wconf 81' lang='lat' dir='ltr'><strong>sutore</strong></span> <span class='ocrx_word' id='word_1_26' title='bbox 1066 655 1127 716; x_wconf 89' lang='lat' dir='ltr'><strong>Ho-</strong></span> 
     </span>
     <span class='ocr_line' id='line_1_5' title="bbox 203 735 1125 800; baseline 0.004 -4"><span class='ocrx_word' id='word_1_27' title='bbox 203 741 319 796; x_wconf 69' lang='lat' dir='ltr'><strong>rtanteu</strong></span> <span class='ocrx_word' id='word_1_28' title='bbox 348 743 431 797; x_wconf 81' lang='lat' dir='ltr'><strong>totns</strong></span> <span class='ocrx_word' id='word_1_29' title='bbox 460 735 591 797; x_wconf 83' lang='lat' dir='ltr'><strong>mundus</strong></span> <span class='ocrx_word' id='word_1_30' title='bbox 603 773 606 780; x_wconf 77' lang='lat'><strong>,</strong></span> <span class='ocrx_word' id='word_1_31' title='bbox 619 755 683 797; x_wconf 93' lang='lat' dir='ltr'><strong>non</strong></span> <span class='ocrx_word' id='word_1_32' title='bbox 705 744 754 796; x_wconf 83' lang='lat' dir='ltr'><strong>eet</strong></span> <span class='ocrx_word' id='word_1_33' title='bbox 773 737 833 796; x_wconf 78' lang='lat' dir='ltr'><strong>sisi</strong></span> <span class='ocrx_word' id='word_1_34' title='bbox 845 764 849 771; x_wconf 91' lang='lat'><strong>·</strong></span> <span class='ocrx_word' id='word_1_35' title='bbox 863 754 948 796; x_wconf 76' lang='lat' dir='ltr'><strong>mem</strong></span> <span class='ocrx_word' id='word_1_36' title='bbox 979 737 1125 800; x_wconf 73' lang='lat' dir='ltr'><strong>haeresia</strong></span> 
     </span>
     <span class='ocr_line' id='line_1_6' title="bbox 203 818 1127 898; baseline 0 -18"><span class='ocrx_word' id='word_1_37' title='bbox 203 818 277 898; x_wconf 82' lang='lat' dir='ltr'><strong>Ipse</strong></span> <span class='ocrx_word' id='word_1_38' title='bbox 297 837 421 898; x_wconf 91' lang='lat' dir='ltr'><strong>quoque</strong></span> <span class='ocrx_word' id='word_1_39' title='bbox 442 820 597 896; x_wconf 76' lang='lat' dir='ltr'><strong>Ecclesia,</strong></span> <span class='ocrx_word' id='word_1_40' title='bbox 629 837 721 898; x_wconf 92' lang='lat' dir='ltr'><strong>quum</strong></span> <span class='ocrx_word' id='word_1_41' title='bbox 745 821 816 878; x_wconf 87' lang='lat' dir='ltr'><strong>sine</strong></span> <span class='ocrx_word' id='word_1_42' title='bbox 835 825 969 898; x_wconf 85' lang='lat' dir='ltr'><strong>peccato</strong></span> <span class='ocrx_word' id='word_1_43' title='bbox 991 839 1060 880; x_wconf 82' lang='lat' dir='ltr'><strong>uon</strong></span> <span class='ocrx_word' id='word_1_44' title='bbox 1078 823 1127 898; x_wconf 83' lang='lat' dir='ltr'><strong>sit,</strong></span> 
     </span>
     <span class='ocr_line' id='line_1_7' title="bbox 204 901 1128 978; baseline 0.001 -16"><span class='ocrx_word' id='word_1_45' title='bbox 204 907 253 962; x_wconf 82' lang='lat' dir='ltr'><strong>est</strong></span> <span class='ocrx_word' id='word_1_46' title='bbox 272 901 436 964; x_wconf 81' lang='lat' dir='ltr'><strong>haeretica.</strong></span> <span class='ocrx_word' id='word_1_47' title='bbox 478 901 608 962; x_wconf 76' lang='lat' dir='ltr'><strong>Etcum</strong></span> <span class='ocrx_word' id='word_1_48' title='bbox 641 919 750 962; x_wconf 87' lang='lat' dir='ltr'><strong>omnes</strong></span> <span class='ocrx_word' id='word_1_49' title='bbox 771 903 866 960; x_wconf 85' lang='lat' dir='ltr'><strong>simus</strong></span> <span class='ocrx_word' id='word_1_50' title='bbox 897 902 988 978; x_wconf 83' lang='lat' dir='ltr'><strong>mali,</strong></span> <span class='ocrx_word' id='word_1_51' title='bbox 1019 910 1128 963; x_wconf 79' lang='lat' dir='ltr'><strong>contm</strong></span> 
     </span>
     <span class='ocr_line' id='line_1_8' title="bbox 204 985 1127 1064; baseline 0.002 -21"><span class='ocrx_word' id='word_1_52' title='bbox 204 985 378 1064; x_wconf 85' lang='lat' dir='ltr'><strong>scripturas,</strong></span> <span class='ocrx_word' id='word_1_53' title='bbox 400 1003 504 1046; x_wconf 91' lang='lat' dir='ltr'><strong>sumus</strong></span> <span class='ocrx_word' id='word_1_54' title='bbox 526 985 674 1045; x_wconf 84' lang='lat' dir='ltr'><strong>haeretici</strong></span> <span class='ocrx_word' id='word_1_55' title='bbox 694 1002 814 1062; x_wconf 83' lang='lat' dir='ltr'><strong>omnes,</strong></span> <span class='ocrx_word' id='word_1_56' title='bbox 836 991 968 1064; x_wconf 82' lang='lat' dir='ltr'><strong>excepto</strong></span> <span class='ocrx_word' id='word_1_57' title='bbox 992 986 1127 1046; x_wconf 78' lang='lat' dir='ltr'><strong>unollo·</strong></span> 
     </span>
     <span class='ocr_line' id='line_1_9' title="bbox 190 1066 1128 1146; baseline 0.002 -20"><span class='ocrx_word' id='word_1_58' title='bbox 190 1068 335 1146; x_wconf 68' lang='lat' dir='ltr'><strong>tstmten,</strong></span> <span class='ocrx_word' id='word_1_59' title='bbox 354 1067 409 1144; x_wconf 84' lang='lat' dir='ltr'><strong>qui</strong></span> <span class='ocrx_word' id='word_1_60' title='bbox 430 1085 493 1129; x_wconf 90' lang='lat' dir='ltr'><strong>non</strong></span> <span class='ocrx_word' id='word_1_61' title='bbox 516 1074 564 1128; x_wconf 88' lang='lat' dir='ltr'><strong>est</strong></span> <span class='ocrx_word' id='word_1_62' title='bbox 587 1068 666 1127; x_wconf 88' lang='lat' dir='ltr'><strong>sicut</strong></span> <span class='ocrx_word' id='word_1_63' title='bbox 686 1066 780 1126; x_wconf 84' lang='lat' dir='ltr'><strong>ceteri</strong></span> <span class='ocrx_word' id='word_1_64' title='bbox 802 1066 974 1144; x_wconf 88' lang='lat' dir='ltr'><strong>hominum,</strong></span> <span class='ocrx_word' id='word_1_65' title='bbox 1008 1075 1052 1126; x_wconf 78' lang='lat' dir='ltr'><strong>ut·</strong></span> <span class='ocrx_word' id='word_1_66' title='bbox 1065 1087 1128 1128; x_wconf 84' lang='lat' dir='ltr'><strong>onr-</strong></span> 
     </span>
     <span class='ocr_line' id='line_1_10' title="bbox 189 1148 1128 1229; baseline 0.001 -21"><span class='ocrx_word' id='word_1_67' title='bbox 189 1167 261 1208; x_wconf 27' lang='lat' dir='ltr'><strong>vnes</strong></span> <span class='ocrx_word' id='word_1_68' title='bbox 283 1148 377 1209; x_wconf 64' lang='lat' dir='ltr'><strong>molat</strong></span> <span class='ocrx_word' id='word_1_69' title='bbox 398 1149 581 1226; x_wconf 73' lang='lat' dir='ltr'><strong>haereticos,</strong></span> <span class='ocrx_word' id='word_1_70' title='bbox 603 1167 665 1228; x_wconf 89' lang='lat' dir='ltr'><strong>quo</strong></span> <span class='ocrx_word' id='word_1_71' title='bbox 689 1150 779 1209; x_wconf 79' lang='lat' dir='ltr'><strong>letius</strong></span> <span class='ocrx_word' id='word_1_72' title='bbox 802 1156 906 1229; x_wconf 79' lang='lat' dir='ltr'><strong>petent</strong></span> <span class='ocrx_word' id='word_1_73' title='bbox 920 1151 1128 1228; x_wconf 73' lang='lat' dir='ltr'><strong>inquisitionis</strong></span> 
     </span>
     <span class='ocr_line' id='line_1_11' title="bbox 199 1227 1130 1313; baseline 0.002 -21"><span class='ocrx_word' id='word_1_74' title='bbox 199 1227 285 1308; x_wconf 76' lang='lat' dir='ltr'><strong>eius,¹</strong></span> <span class='ocrx_word' id='word_1_75' title='bbox 300 1229 332 1292; x_wconf 91' lang='lat' dir='ltr'><strong>id</strong></span> <span class='ocrx_word' id='word_1_76' title='bbox 354 1238 415 1308; x_wconf 90' lang='lat' dir='ltr'><strong>est,</strong></span> <span class='ocrx_word' id='word_1_77' title='bbox 438 1232 557 1313; x_wconf 76' lang='lat' dir='ltr'><strong>gloriae</strong></span> <span class='ocrx_word' id='word_1_78' title='bbox 578 1239 610 1293; x_wconf 89' lang='lat' dir='ltr'><strong>et</strong></span> <span class='ocrx_word' id='word_1_79' title='bbox 630 1233 707 1313; x_wconf 86' lang='lat' dir='ltr'><strong>lucri</strong></span> <span class='ocrx_word' id='word_1_80' title='bbox 730 1233 938 1292; x_wconf 82' lang='lat' dir='ltr'><strong>ministerium.</strong></span> <span class='ocrx_word' id='word_1_81' title='bbox 982 1231 1059 1307; x_wconf 77' lang='lat' dir='ltr'><strong>Quis</strong></span> <span class='ocrx_word' id='word_1_82' title='bbox 1080 1242 1130 1294; x_wconf 86' lang='lat' dir='ltr'><strong>est</strong></span> 
     </span>
     <span class='ocr_line' id='line_1_12' title="bbox 204 1314 1128 1394; baseline 0.002 -20"><span class='ocrx_word' id='word_1_83' title='bbox 204 1314 387 1388; x_wconf 83' lang='lat' dir='ltr'><strong>haereticus,</strong></span> <span class='ocrx_word' id='word_1_84' title='bbox 410 1316 434 1374; x_wconf 89' lang='lat' dir='ltr'><strong>si</strong></span> <span class='ocrx_word' id='word_1_85' title='bbox 457 1322 489 1374; x_wconf 90' lang='grc' dir='ltr'><strong>ιιι</strong></span> <span class='ocrx_word' id='word_1_86' title='bbox 511 1333 582 1374; x_wconf 85' lang='lat' dir='ltr'><strong>non·</strong></span> <span class='ocrx_word' id='word_1_87' title='bbox 597 1335 630 1375; x_wconf 87' lang='lat' dir='ltr'><strong>ss</strong></span> <span class='ocrx_word' id='word_1_88' title='bbox 647 1315 830 1392; x_wconf 72' lang='lat' dir='ltr'><strong>haereticus,</strong></span> <span class='ocrx_word' id='word_1_89' title='bbox 852 1317 902 1394; x_wconf 91' lang='lat' dir='ltr'><strong>qui</strong></span> <span class='ocrx_word' id='word_1_90' title='bbox 925 1317 1010 1376; x_wconf 74' lang='lat' dir='ltr'><strong>iuxta</strong></span> <span class='ocrx_word' id='word_1_91' title='bbox 1031 1315 1128 1378; x_wconf 74' lang='lat' dir='ltr'><strong>admi-</strong></span> 
     </span>
     <span class='ocr_line' id='line_1_13' title="bbox 204 1395 1128 1479; baseline 0.002 -23"><span class='ocrx_word' id='word_1_92' title='bbox 204 1395 331 1457; x_wconf 77' lang='lat' dir='ltr'><strong>rabilem</strong></span> <span class='ocrx_word' id='word_1_93' title='bbox 353 1404 436 1457; x_wconf 86' lang='lat' dir='ltr'><strong>tuam</strong></span> <span class='ocrx_word' id='word_1_94' title='bbox 449 1397 649 1458; x_wconf 87' lang='lat' dir='ltr'><strong>Dialecticem</strong></span> <span class='ocrx_word' id='word_1_95' title='bbox 673 1399 857 1477; x_wconf 80' lang='lat' dir='ltr'><strong>praemissas</strong></span> <span class='ocrx_word' id='word_1_96' title='bbox 881 1405 977 1475; x_wconf 89' lang='lat' dir='ltr'><strong>tenes,</strong></span> <span class='ocrx_word' id='word_1_97' title='bbox 1001 1418 1042 1457; x_wconf 87' lang='lat' dir='ltr'><strong>ex</strong></span> <span class='ocrx_word' id='word_1_98' title='bbox 1064 1400 1128 1479; x_wconf 91' lang='lat' dir='ltr'><strong>qui-</strong></span> 
     </span>
     <span class='ocr_line' id='line_1_14' title="bbox 203 1475 1128 1558; baseline 0.001 -19"><span class='ocrx_word' id='word_1_99' title='bbox 203 1478 260 1539; x_wconf 86' lang='lat' dir='ltr'><strong>bus</strong></span> <span class='ocrx_word' id='word_1_100' title='bbox 282 1479 440 1540; x_wconf 75' lang='lat' dir='ltr'><strong>conclusio</strong></span> <span class='ocrx_word' id='word_1_101' title='bbox 462 1475 598 1540; x_wconf 79' lang='lat' dir='ltr'><strong>omnium</strong></span> <span class='ocrx_word' id='word_1_102' title='bbox 621 1481 864 1541; x_wconf 79' lang='lat' dir='ltr'><strong>haeretioissimu</strong></span> <span class='ocrx_word' id='word_1_103' title='bbox 884 1482 1038 1558; x_wconf 84' lang='lat' dir='ltr'><strong>sequitur,</strong></span> <span class='ocrx_word' id='word_1_104' title='bbox 1071 1483 1128 1541; x_wconf 88' lang='lat' dir='ltr'><strong>sci-</strong></span> 
     </span>
     <span class='ocr_line' id='line_1_15' title="bbox 204 1561 1131 1644; baseline 0.003 -22"><span class='ocrx_word' id='word_1_105' title='bbox 204 1561 291 1638; x_wconf 91' lang='lat' dir='ltr'><strong>licet,</strong></span> <span class='ocrx_word' id='word_1_106' title='bbox 319 1561 402 1640; x_wconf 92' lang='lat' dir='ltr'><strong>quod</strong></span> <span class='ocrx_word' id='word_1_107' title='bbox 424 1561 566 1624; x_wconf 85' lang='lat' dir='ltr'><strong>Ecclesia</strong></span> <span class='ocrx_word' id='word_1_108' title='bbox 588 1563 822 1625; x_wconf 79' lang='lat' dir='ltr'><strong>esohneretica.</strong></span> <span class='ocrx_word' id='word_1_109' title='bbox 877 1563 954 1622; x_wconf 89' lang='lat' dir='ltr'><strong>Dico</strong></span> <span class='ocrx_word' id='word_1_110' title='bbox 990 1583 1066 1644; x_wconf 84' lang='lat' dir='ltr'><strong>ergo</strong></span> <span class='ocrx_word' id='word_1_111' title='bbox 1098 1571 1131 1625; x_wconf 90' lang='lat' dir='ltr'><strong>et</strong></span> 
     </span>
     <span class='ocr_line' id='line_1_16' title="bbox 205 1643 1128 1725; baseline 0.002 -19"><span class='ocrx_word' id='word_1_112' title='bbox 205 1663 281 1724; x_wconf 81' lang='lat' dir='ltr'><strong>ege,</strong></span> <span class='ocrx_word' id='word_1_113' title='bbox 315 1643 396 1724; x_wconf 90' lang='lat' dir='ltr'><strong>quod</strong></span> <span class='ocrx_word' id='word_1_114' title='bbox 425 1645 667 1724; x_wconf 72' lang='lat' dir='ltr'><strong>pestilentiorem</strong></span> <span class='ocrx_word' id='word_1_115' title='bbox 690 1654 721 1705; x_wconf 88' lang='lat' dir='ltr'><strong>st</strong></span> <span class='ocrx_word' id='word_1_116' title='bbox 742 1644 998 1725; x_wconf 78' lang='lat' dir='ltr'><strong>impudentiorem</strong></span> <span class='ocrx_word' id='word_1_117' title='bbox 1021 1647 1128 1708; x_wconf 87' lang='lat' dir='ltr'><strong>heere·</strong></span> 
     </span>
     <span class='ocr_line' id='line_1_17' title="bbox 204 1725 1130 1810; baseline 0.005 -25"><span class='ocrx_word' id='word_1_118' title='bbox 204 1725 297 1794; x_wconf 83' lang='lat' dir='ltr'><strong>ticum</strong></span> <span class='ocrx_word' id='word_1_119' title='bbox 320 1725 368 1788; x_wconf 88' lang='lat' dir='ltr'><strong>sol</strong></span> <span class='ocrx_word' id='word_1_120' title='bbox 382 1746 444 1788; x_wconf 90' lang='lat' dir='ltr'><strong>uon</strong></span> <span class='ocrx_word' id='word_1_121' title='bbox 457 1727 541 1807; x_wconf 86' lang='lat' dir='ltr'><strong>vidit,</strong></span> <span class='ocrx_word' id='word_1_122' title='bbox 564 1748 654 1808; x_wconf 90' lang='lat' dir='ltr'><strong>quam</strong></span> <span class='ocrx_word' id='word_1_123' title='bbox 668 1728 819 1789; x_wconf 77' lang='lat' dir='ltr'><strong>iacobum</strong></span> <span class='ocrx_word' id='word_1_124' title='bbox 830 1727 1005 1788; x_wconf 83' lang='lat' dir='ltr'><strong>Hostraten.</strong></span> <span class='ocrx_word' id='word_1_125' title='bbox 1029 1726 1130 1810; x_wconf 84' lang='lat' dir='ltr'><strong>Surge</strong></span> 
     </span>
     <span class='ocr_line' id='line_1_18' title="bbox 205 1809 1133 1890; baseline -0.001 -17"><span class='ocrx_word' id='word_1_126' title='bbox 205 1827 289 1888; x_wconf 83' lang='lat' dir='ltr'><strong>erge,</strong></span> <span class='ocrx_word' id='word_1_127' title='bbox 313 1827 331 1872; x_wconf 91' lang='lat' dir='ltr'>o</span> <span class='ocrx_word' id='word_1_128' title='bbox 354 1809 417 1870; x_wconf 91' lang='lat' dir='ltr'><strong>Leo</strong></span> <span class='ocrx_word' id='word_1_129' title='bbox 440 1811 467 1871; x_wconf 88' lang='lat' dir='ltr'>X</span> <span class='ocrx_word' id='word_1_130' title='bbox 489 1809 598 1872; x_wconf 84' lang='lat' dir='ltr'><strong>Pastor</strong></span> <span class='ocrx_word' id='word_1_131' title='bbox 616 1812 790 1890; x_wconf 82' lang='lat' dir='ltr'><strong>mitissime,</strong></span> <span class='ocrx_word' id='word_1_132' title='bbox 820 1819 851 1872; x_wconf 88' lang='lat' dir='ltr'><strong>et</strong></span> <span class='ocrx_word' id='word_1_133' title='bbox 869 1811 927 1870; x_wconf 90' lang='lat' dir='ltr'><strong>hos</strong></span> <span class='ocrx_word' id='word_1_134' title='bbox 951 1811 1133 1886; x_wconf 72' lang='lat' dir='ltr'><strong>haereticos</strong></span> 
     </span>
     <span class='ocr_line' id='line_1_19' title="bbox 200 1891 1129 1972; baseline 0.002 -20"><span class='ocrx_word' id='word_1_135' title='bbox 200 1891 403 1970; x_wconf 57' lang='lat' dir='ltr'><strong>,Inquisitores</strong></span> <span class='ocrx_word' id='word_1_136' title='bbox 427 1893 495 1954; x_wconf 90' lang='lat' dir='ltr'><strong>aliis</strong></span> <span class='ocrx_word' id='word_1_137' title='bbox 510 1893 743 1972; x_wconf 84' lang='lat' dir='ltr'><strong>inquisitoribus</strong></span> <span class='ocrx_word' id='word_1_138' title='bbox 764 1893 891 1972; x_wconf 86' lang='lat' dir='ltr'><strong>inquire.</strong></span> <span class='ocrx_word' id='word_1_139' title='bbox 936 1892 1005 1954; x_wconf 84' lang='lat' dir='ltr'><strong>Jam</strong></span> <span class='ocrx_word' id='word_1_140' title='bbox 1029 1894 1129 1972; x_wconf 85' lang='lat' dir='ltr'><strong>vides,</strong></span> 
     </span>
     <span class='ocr_line' id='line_1_20' title="bbox 205 1973 1128 2059; baseline 0.003 -26"><span class='ocrx_word' id='word_1_141' title='bbox 205 1992 265 2059; x_wconf 86' lang='lat' dir='ltr'><strong>quo</strong></span> <span class='ocrx_word' id='word_1_142' title='bbox 289 1973 392 2036; x_wconf 82' lang='lat' dir='ltr'><strong>animo</strong></span> <span class='ocrx_word' id='word_1_143' title='bbox 415 1977 568 2056; x_wconf 89' lang='lat' dir='ltr'><strong>inquirant</strong></span> <span class='ocrx_word' id='word_1_144' title='bbox 588 1975 779 2056; x_wconf 88' lang='lat' dir='ltr'><strong>haereticos,</strong></span> <span class='ocrx_word' id='word_1_145' title='bbox 812 1985 844 2036; x_wconf 86' lang='lat' dir='ltr'><strong>et</strong></span> <span class='ocrx_word' id='word_1_146' title='bbox 873 1983 903 2036; x_wconf 90' lang='lat' dir='ltr'><strong>te</strong></span> <span class='ocrx_word' id='word_1_147' title='bbox 931 1977 1032 2056; x_wconf 87' lang='lat' dir='ltr'><strong>ipsum</strong></span> <span class='ocrx_word' id='word_1_148' title='bbox 1058 1996 1128 2037; x_wconf 92' lang='lat' dir='ltr'><strong>cum</strong></span> 
     </span>
     <span class='ocr_line' id='line_1_21' title="bbox 205 2057 1093 2122; baseline 0.001 -5"><span class='ocrx_word' id='word_1_149' title='bbox 205 2057 274 2122; x_wconf 65' lang='lat' dir='ltr'><strong>toti</strong></span> <span class='ocrx_word' id='word_1_150' title='bbox 291 2057 433 2118; x_wconf 79' lang='lat' dir='ltr'><strong>Ecclesia</strong></span> <span class='ocrx_word' id='word_1_151' title='bbox 453 2058 639 2120; x_wconf 88' lang='lat' dir='ltr'><strong>haereticum</strong></span> <span class='ocrx_word' id='word_1_152' title='bbox 663 2059 779 2122; x_wconf 86' lang='lat' dir='ltr'><strong>facturi.</strong></span> <span class='ocrx_word' id='word_1_153' title='bbox 1085 2070 1093 2084; x_wconf 84' lang='lat'><strong><em>¹</em></strong></span> 
     </span>
    </p>

    <p class='ocr_par' dir='ltr' id='par_1_3' title="bbox 174 2131 1129 2387">
     <span class='ocr_line' id='line_1_22' title="bbox 205 2131 1129 2223; baseline 0.004 -22"><span class='ocrx_word' id='word_1_154' title='bbox 205 2146 207 2151; x_wconf 82' lang='grc'>’</span> <span class='ocrx_word' id='word_1_155' title='bbox 287 2137 396 2221; x_wconf 82' lang='lat' dir='ltr'><strong>Arrige</strong></span> <span class='ocrx_word' id='word_1_156' title='bbox 418 2160 492 2223; x_wconf 85' lang='lat' dir='ltr'><strong>ergo</strong></span> <span class='ocrx_word' id='word_1_157' title='bbox 526 2162 632 2222; x_wconf 87' lang='lat' dir='ltr'><strong>eures,</strong></span> <span class='ocrx_word' id='word_1_158' title='bbox 667 2138 873 2204; x_wconf 87' lang='lat' dir='ltr'><strong>oH&#39;ostraten</strong></span> <span class='ocrx_word' id='word_1_159' title='bbox 906 2131 1129 2223; x_wconf 77' lang='lat' dir='ltr'><strong>infelicissime,</strong></span> 
     </span>
     <span class='ocr_line' id='line_1_23' title="bbox 174 2222 1129 2307; baseline 0.004 -24"><span class='ocrx_word' id='word_1_160' title='bbox 174 2236 180 2249; x_wconf 79' lang='grc'><strong>“</strong></span> <span class='ocrx_word' id='word_1_161' title='bbox 204 2222 254 2305; x_wconf 87' lang='lat' dir='ltr'><strong>q&#39;ui</strong></span> <span class='ocrx_word' id='word_1_162' title='bbox 277 2242 336 2285; x_wconf 90' lang='lat' dir='ltr'><strong>neo</strong></span> <span class='ocrx_word' id='word_1_163' title='bbox 358 2222 430 2302; x_wconf 90' lang='lat' dir='ltr'><strong>quid</strong></span> <span class='ocrx_word' id='word_1_164' title='bbox 453 2232 560 2285; x_wconf 81' lang='lat' dir='ltr'><strong>contra</strong></span> <span class='ocrx_word' id='word_1_165' title='bbox 593 2224 643 2285; x_wconf 86' lang='lat' dir='ltr'><strong>val</strong></span> <span class='ocrx_word' id='word_1_166' title='bbox 670 2244 726 2307; x_wconf 90' lang='lat' dir='ltr'><strong>pro</strong></span> <span class='ocrx_word' id='word_1_167' title='bbox 749 2222 904 2306; x_wconf 79' lang='lat' dir='ltr'><strong>Scriptura</strong></span> <span class='ocrx_word' id='word_1_168' title='bbox 930 2226 970 2285; x_wconf 89' lang='lat' dir='ltr'><strong>sit</strong></span> <span class='ocrx_word' id='word_1_169' title='bbox 992 2228 1075 2287; x_wconf 93' lang='lat' dir='ltr'><strong>nosti</strong></span> <span class='ocrx_word' id='word_1_170' title='bbox 1098 2234 1129 2287; x_wconf 89' lang='lat' dir='ltr'><strong>et</strong></span> 
     </span>
     <span class='ocr_line' id='line_1_24' title="bbox 190 2306 1127 2387; baseline 0 -18"><span class='ocrx_word' id='word_1_171' title='bbox 190 2322 272 2369; x_wconf 86' lang='lat' dir='ltr'><strong>¹cum</strong></span> <span class='ocrx_word' id='word_1_172' title='bbox 294 2308 413 2367; x_wconf 85' lang='lat' dir='ltr'><strong>summo</strong></span> <span class='ocrx_word' id='word_1_173' title='bbox 437 2306 591 2373; x_wconf 87' lang='lat' dir='ltr'><strong>dedecore</strong></span> <span class='ocrx_word' id='word_1_174' title='bbox 602 2308 762 2369; x_wconf 79' lang='lat' dir='ltr'><strong>Ecclesiae</strong></span> <span class='ocrx_word' id='word_1_175' title='bbox 783 2308 948 2387; x_wconf 90' lang='lat' dir='ltr'><strong>Inquisitor</strong></span> <span class='ocrx_word' id='word_1_176' title='bbox 964 2328 998 2369; x_wconf 87' lang='lat' dir='ltr'><strong>es</strong></span> <span class='ocrx_word' id='word_1_177' title='bbox 1022 2309 1127 2369; x_wconf 87' lang='lat' dir='ltr'><strong>heere-</strong></span> 
     </span>
    </p>
   </div>
   <div class='ocr_carea' id='block_1_3' title="bbox 108 2388 1128 2471">
    <p class='ocr_par' dir='ltr' id='par_1_4' title="bbox 108 2388 1128 2471">
     <span class='ocr_line' id='line_1_25' title="bbox 108 2388 1128 2471; baseline 0.005 -24"><span class='ocrx_word' id='word_1_178' title='bbox 108 2444 113 2457; x_wconf 80' lang='lat'><strong>,</strong></span> <span class='ocrx_word' id='word_1_179' title='bbox 200 2388 343 2457; x_wconf 82' lang='lat' dir='ltr'><strong>ticenum.</strong></span> <span class='ocrx_word' id='word_1_180' title='bbox 387 2388 513 2451; x_wconf 78' lang='lat' dir='ltr'><strong>Docebo</strong></span> <span class='ocrx_word' id='word_1_181' title='bbox 543 2394 574 2451; x_wconf 90' lang='lat' dir='ltr'><strong>te</strong></span> <span class='ocrx_word' id='word_1_182' title='bbox 600 2392 731 2471; x_wconf 87' lang='lat' dir='ltr'><strong>primum</strong></span> <span class='ocrx_word' id='word_1_183' title='bbox 760 2389 1128 2471; x_wconf 79' lang='lat' dir='ltr'><strong>untepmedicementuni,</strong></span> 
     </span>
    </p>
   </div>
   <div class='ocr_carea' id='block_1_4' title="bbox 132 2465 1140 3879">
    <p class='ocr_par' dir='ltr' id='par_1_5' title="bbox 132 2465 1140 3879">
     <span class='ocr_line' id='line_1_26' title="bbox 199 2465 1128 2553; baseline 0.008 -25"><span class='ocrx_word' id='word_1_184' title='bbox 199 2465 415 2533; x_wconf 80' lang='lat' dir='ltr'><strong>&#39;definitionem</strong></span> <span class='ocrx_word' id='word_1_185' title='bbox 443 2470 561 2533; x_wconf 86' lang='lat' dir='ltr'><strong>scilicet</strong></span> <span class='ocrx_word' id='word_1_186' title='bbox 583 2474 840 2553; x_wconf 87' lang='lat' dir='ltr'><strong>aequivocorum,</strong></span> <span class='ocrx_word' id='word_1_187' title='bbox 874 2480 905 2532; x_wconf 90' lang='lat' dir='ltr'><strong>et</strong></span> <span class='ocrx_word' id='word_1_188' title='bbox 927 2475 969 2532; x_wconf 90' lang='lat' dir='ltr'><strong>tui</strong></span> <span class='ocrx_word' id='word_1_189' title='bbox 991 2472 1022 2535; x_wconf 85' lang='lat' dir='ltr'><strong>S.</strong></span> <span class='ocrx_word' id='word_1_190' title='bbox 1046 2474 1128 2535; x_wconf 86' lang='lat' dir='ltr'><strong>&#39;l&#39;ho-</strong></span> 
     </span>
     <span class='ocr_line' id='line_1_27' title="bbox 187 2554 1128 2636; baseline 0.004 -23"><span class='ocrx_word' id='word_1_191' title='bbox 187 2571 272 2631; x_wconf 83' lang='lat' dir='ltr'><strong>¹mae</strong></span> <span class='ocrx_word' id='word_1_192' title='bbox 294 2572 446 2615; x_wconf 83' lang='lat' dir='ltr'><strong>canonem</strong></span> <span class='ocrx_word' id='word_1_193' title='bbox 468 2554 627 2615; x_wconf 84' lang='lat' dir='ltr'><strong>usitatum:</strong></span> <span class='ocrx_word' id='word_1_194' title='bbox 661 2554 751 2631; x_wconf 76' lang='lat' dir='ltr'><strong>Quod</strong></span> <span class='ocrx_word' id='word_1_195' title='bbox 784 2574 877 2616; x_wconf 91' lang='lat' dir='ltr'><strong>omne</strong></span> <span class='ocrx_word' id='word_1_196' title='bbox 897 2555 1061 2636; x_wconf 83' lang='lat' dir='ltr'><strong>multiplex</strong></span> <span class='ocrx_word' id='word_1_197' title='bbox 1084 2558 1128 2617; x_wconf 92' lang='lat' dir='ltr'><strong>in·</strong></span> 
     </span>
     <span class='ocr_line' id='line_1_28' title="bbox 205 2634 1127 2720; baseline 0.003 -23"><span class='ocrx_word' id='word_1_198' title='bbox 205 2634 379 2697; x_wconf 88' lang='lat' dir='ltr'><strong>distinctum</strong></span> <span class='ocrx_word' id='word_1_199' title='bbox 413 2638 492 2717; x_wconf 86' lang='lat' dir='ltr'><strong>parit</strong></span> <span class='ocrx_word' id='word_1_200' title='bbox 532 2637 753 2713; x_wconf 79' lang='lat' dir='ltr'><strong>confusionem.</strong></span> <span class='ocrx_word' id='word_1_201' title='bbox 808 2638 924 2702; x_wconf 80' lang='lat' dir='ltr'><strong>Contra</strong></span> <span class='ocrx_word' id='word_1_202' title='bbox 960 2640 1127 2720; x_wconf 79' lang='lat' dir='ltr'><strong>scripturas</strong></span> 
     </span>
     <span class='ocr_line' id='line_1_29' title="bbox 204 2718 1128 2802; baseline 0.006 -25"><span class='ocrx_word' id='word_1_203' title='bbox 204 2718 302 2797; x_wconf 88' lang='lat' dir='ltr'><strong>primo</strong></span> <span class='ocrx_word' id='word_1_204' title='bbox 325 2724 372 2778; x_wconf 88' lang='lat' dir='ltr'><strong>est</strong></span> <span class='ocrx_word' id='word_1_205' title='bbox 394 2718 540 2799; x_wconf 87' lang='lat' dir='ltr'><strong>haeresis,</strong></span> <span class='ocrx_word' id='word_1_206' title='bbox 563 2720 675 2783; x_wconf 88' lang='lat' dir='ltr'><strong>deinde</strong></span> <span class='ocrx_word' id='word_1_207' title='bbox 686 2720 814 2802; x_wconf 91' lang='lat' dir='ltr'><strong>quilibet</strong></span> <span class='ocrx_word' id='word_1_208' title='bbox 830 2740 923 2799; x_wconf 87' lang='lat' dir='ltr'><strong>error,</strong></span> <span class='ocrx_word' id='word_1_209' title='bbox 946 2727 1008 2781; x_wconf 91' lang='lat' dir='ltr'><strong>tum</strong></span> <span class='ocrx_word' id='word_1_210' title='bbox 1033 2742 1128 2783; x_wconf 90' lang='lat' dir='ltr'><strong>omne</strong></span> 
     </span>
     <span class='ocr_line' id='line_1_30' title="bbox 201 2802 1127 2883; baseline 0.005 -23"><span class='ocrx_word' id='word_1_211' title='bbox 201 2807 373 2881; x_wconf 84' lang='lat' dir='ltr'><strong>peecatum,</strong></span> <span class='ocrx_word' id='word_1_212' title='bbox 396 2802 488 2861; x_wconf 85' lang='lat' dir='ltr'><strong>etiem</strong></span> <span class='ocrx_word' id='word_1_213' title='bbox 510 2802 662 2881; x_wconf 78' lang='lat' dir='ltr'><strong>veniele„</strong></span> <span class='ocrx_word' id='word_1_214' title='bbox 680 2810 711 2863; x_wconf 91' lang='lat' dir='ltr'><strong>et</strong></span> <span class='ocrx_word' id='word_1_215' title='bbox 738 2803 865 2863; x_wconf 88' lang='lat' dir='ltr'><strong>verbum</strong></span> <span class='ocrx_word' id='word_1_216' title='bbox 889 2803 1038 2883; x_wconf 83' lang='lat' dir='ltr'><strong>otiosum,</strong></span> <span class='ocrx_word' id='word_1_217' title='bbox 1072 2804 1127 2866; x_wconf 88' lang='lat' dir='ltr'><strong>sed</strong></span> 
     </span>
     <span class='ocr_line' id='line_1_31' title="bbox 132 2876 1127 2967; baseline 0.005 -24"><span class='ocrx_word' id='word_1_218' title='bbox 132 2924 136 2930; x_wconf 88' lang='lat'>-</span> <span class='ocrx_word' id='word_1_219' title='bbox 202 2886 235 2943; x_wconf 89' lang='lat' dir='ltr'><strong>et</strong></span> <span class='ocrx_word' id='word_1_220' title='bbox 254 2882 322 2963; x_wconf 90' lang='lat' dir='ltr'><strong>ipse</strong></span> <span class='ocrx_word' id='word_1_221' title='bbox 343 2882 528 2945; x_wconf 86' lang='lat' dir='ltr'><strong>inevitabilis</strong></span> <span class='ocrx_word' id='word_1_222' title='bbox 560 2885 677 2961; x_wconf 84' lang='lat' dir='ltr'><strong>fomes,</strong></span> <span class='ocrx_word' id='word_1_223' title='bbox 710 2892 743 2945; x_wconf 93' lang='lat' dir='ltr'><strong>ut</strong></span> <span class='ocrx_word' id='word_1_224' title='bbox 763 2880 935 2951; x_wconf 73' lang='lat' dir='ltr'><strong>Roman?</strong></span> <span class='ocrx_word' id='word_1_225' title='bbox 963 2876 1127 2967; x_wconf 79' lang='lat' dir='ltr'><strong>apostolis</strong></span> 
     </span>
     <span class='ocr_line' id='line_1_32' title="bbox 190 2962 1125 3049; baseline 0.006 -25"><span class='ocrx_word' id='word_1_226' title='bbox 190 2962 290 3041; x_wconf 68' lang='lat' dir='ltr'><strong>uicit:</strong></span> <span class='ocrx_word' id='word_1_227' title='bbox 323 2984 357 3027; x_wconf 86' lang='lat' dir='ltr'><strong>se</strong></span> <span class='ocrx_word' id='word_1_228' title='bbox 389 2974 549 3046; x_wconf 88' lang='lat' dir='ltr'><strong>peccatum</strong></span> <span class='ocrx_word' id='word_1_229' title='bbox 579 2975 687 3029; x_wconf 82' lang='lat' dir='ltr'><strong>contra</strong></span> <span class='ocrx_word' id='word_1_230' title='bbox 718 2966 819 3049; x_wconf 84' lang='lat' dir='ltr'><strong>legem</strong></span> <span class='ocrx_word' id='word_1_231' title='bbox 847 2968 906 3029; x_wconf 91' lang='lat' dir='ltr'><strong>Dei</strong></span> <span class='ocrx_word' id='word_1_232' title='bbox 944 2970 1059 3032; x_wconf 85' lang='lat' dir='ltr'><strong>sentire</strong></span> <span class='ocrx_word' id='word_1_233' title='bbox 1094 2971 1125 3031; x_wconf 92' lang='lat' dir='ltr'><strong>in</strong></span> 
     </span>
     <span class='ocr_line' id='line_1_33' title="bbox 203 3038 1126 3125; baseline 0.004 -16"><span class='ocrx_word' id='word_1_234' title='bbox 203 3038 346 3125; x_wconf 83' lang='lat' dir='ltr'><strong>membris</strong></span> <span class='ocrx_word' id='word_1_235' title='bbox 382 3049 453 3111; x_wconf 91' lang='lat' dir='ltr'><strong>suis.</strong></span> <span class='ocrx_word' id='word_1_236' title='bbox 503 3048 635 3113; x_wconf 88' lang='lat' dir='ltr'><strong>Proinde</strong></span> <span class='ocrx_word' id='word_1_237' title='bbox 665 3052 690 3110; x_wconf 92' lang='lat' dir='ltr'><strong>si</strong></span> <span class='ocrx_word' id='word_1_238' title='bbox 715 3050 897 3111; x_wconf 78' lang='lat' dir='ltr'><strong>Pontificum</strong></span> <span class='ocrx_word' id='word_1_239' title='bbox 920 3050 1039 3115; x_wconf 85' lang='lat' dir='ltr'><strong>Notarii</strong></span> <span class='ocrx_word' id='word_1_240' title='bbox 1078 3053 1126 3114; x_wconf 86' lang='lat' dir='ltr'><strong>vel</strong></span> 
     </span>
     <span class='ocr_line' id='line_1_34' title="bbox 189 3130 1126 3215; baseline 0.006 -26"><span class='ocrx_word' id='word_1_241' title='bbox 189 3130 260 3215; x_wconf 85' lang='lat' dir='ltr'><strong>ipsi</strong></span> <span class='ocrx_word' id='word_1_242' title='bbox 280 3130 362 3191; x_wconf 87' lang='lat' dir='ltr'><strong>aliud</strong></span> <span class='ocrx_word' id='word_1_243' title='bbox 385 3130 456 3209; x_wconf 86' lang='lat' dir='ltr'><strong>quid</strong></span> <span class='ocrx_word' id='word_1_244' title='bbox 486 3133 654 3211; x_wconf 85' lang='lat' dir='ltr'><strong>senserint,</strong></span> <span class='ocrx_word' id='word_1_245' title='bbox 687 3139 740 3193; x_wconf 87' lang='lat' dir='ltr'><strong>eut</strong></span> <span class='ocrx_word' id='word_1_246' title='bbox 772 3135 956 3214; x_wconf 77' lang='lat' dir='ltr'><strong>scripturas,</strong></span> <span class='ocrx_word' id='word_1_247' title='bbox 990 3135 1126 3197; x_wconf 87' lang='lat' dir='ltr'><strong>bumana</strong></span> 
     </span>
     <span class='ocr_line' id='line_1_35' title="bbox 199 3212 1122 3358; baseline 0.009 -86"><span class='ocrx_word' id='word_1_248' title='bbox 199 3213 294 3358; x_wconf 76' lang='lat' dir='ltr'><strong>pessi,</strong></span> <span class='ocrx_word' id='word_1_249' title='bbox 317 3212 518 3292; x_wconf 90' lang='lat' dir='ltr'><strong>distorserint,</strong></span> <span class='ocrx_word' id='word_1_250' title='bbox 541 3220 648 3275; x_wconf 86' lang='lat' dir='ltr'><strong>contro</strong></span> <span class='ocrx_word' id='word_1_251' title='bbox 660 3214 831 3296; x_wconf 79' lang='lat' dir='ltr'><strong>Scripturas</strong></span> <span class='ocrx_word' id='word_1_252' title='bbox 845 3216 967 3296; x_wconf 88' lang='lat' dir='ltr'><strong>quidem</strong></span> <span class='ocrx_word' id='word_1_253' title='bbox 990 3220 1122 3301; x_wconf 63' lang='lat' dir='ltr'><strong>sapiunt</strong></span> 
     </span>
     <span class='ocr_line' id='line_1_36' title="bbox 222 3293 1123 3379; baseline 0.01 -25"><span class='ocrx_word' id='word_1_254' title='bbox 222 3293 346 3377; x_wconf 69' lang='lat' dir='ltr'><strong>seretici</strong></span> <span class='ocrx_word' id='word_1_255' title='bbox 368 3302 470 3357; x_wconf 87' lang='lat' dir='ltr'><strong>tamen</strong></span> <span class='ocrx_word' id='word_1_256' title='bbox 494 3315 556 3357; x_wconf 91' lang='lat' dir='ltr'><strong>non</strong></span> <span class='ocrx_word' id='word_1_257' title='bbox 580 3304 660 3357; x_wconf 86' lang='lat' dir='ltr'><strong>sunt.</strong></span> <span class='ocrx_word' id='word_1_258' title='bbox 687 3297 831 3379; x_wconf 86' lang='lat' dir='ltr'><strong>Nisique</strong></span> <span class='ocrx_word' id='word_1_259' title='bbox 855 3300 948 3363; x_wconf 88' lang='lat' dir='ltr'><strong>modo</strong></span> <span class='ocrx_word' id='word_1_260' title='bbox 972 3308 1004 3361; x_wconf 91' lang='lat' dir='ltr'><strong>tu</strong></span> <span class='ocrx_word' id='word_1_261' title='bbox 1028 3301 1123 3364; x_wconf 86' lang='lat' dir='ltr'><strong>velles</strong></span> 
     </span>
     <span class='ocr_line' id='line_1_37' title="bbox 201 3378 1122 3463; baseline 0.009 -26"><span class='ocrx_word' id='word_1_262' title='bbox 201 3396 272 3438; x_wconf 88' lang='lat' dir='ltr'><strong>esse</strong></span> <span class='ocrx_word' id='word_1_263' title='bbox 293 3396 402 3439; x_wconf 89' lang='lat' dir='ltr'><strong>omnes</strong></span> <span class='ocrx_word' id='word_1_264' title='bbox 416 3378 558 3439; x_wconf 89' lang='lat' dir='ltr'><strong>homines</strong></span> <span class='ocrx_word' id='word_1_265' title='bbox 576 3378 758 3460; x_wconf 87' lang='lat' dir='ltr'><strong>haereticos,</strong></span> <span class='ocrx_word' id='word_1_266' title='bbox 780 3380 899 3461; x_wconf 90' lang='lat' dir='ltr'><strong>dolens,</strong></span> <span class='ocrx_word' id='word_1_267' title='bbox 922 3382 1004 3463; x_wconf 88' lang='lat' dir='ltr'><strong>quod</strong></span> <span class='ocrx_word' id='word_1_268' title='bbox 1027 3384 1122 3446; x_wconf 89' lang='lat' dir='ltr'><strong>homi·</strong></span> 
     </span>
     <span class='ocr_line' id='line_1_38' title="bbox 202 3459 1121 3548; baseline 0.012 -30"><span class='ocrx_word' id='word_1_269' title='bbox 202 3459 289 3522; x_wconf 87' lang='lat' dir='ltr'><strong>cidiis</strong></span> <span class='ocrx_word' id='word_1_270' title='bbox 311 3459 613 3541; x_wconf 73' lang='lat' dir='ltr'><strong>christianorumque</strong></span> <span class='ocrx_word' id='word_1_271' title='bbox 635 3465 786 3545; x_wconf 75' lang='lat' dir='ltr'><strong>sanguine</strong></span> <span class='ocrx_word' id='word_1_272' title='bbox 806 3466 892 3547; x_wconf 88' lang='lat' dir='ltr'><strong>pasci</strong></span> <span class='ocrx_word' id='word_1_273' title='bbox 914 3485 977 3527; x_wconf 92' lang='lat' dir='ltr'><strong>non</strong></span> <span class='ocrx_word' id='word_1_274' title='bbox 999 3469 1121 3548; x_wconf 89' lang='lat' dir='ltr'><strong>permit·</strong></span> 
     </span>
     <span class='ocr_line' id='line_1_39' title="bbox 201 3538 1120 3633; baseline 0.012 -34"><span class='ocrx_word' id='word_1_275' title='bbox 201 3538 286 3619; x_wconf 84' lang='lat' dir='ltr'><strong>teris,</strong></span> <span class='ocrx_word' id='word_1_276' title='bbox 306 3548 339 3603; x_wconf 90' lang='lat' dir='ltr'><strong>ut</strong></span> <span class='ocrx_word' id='word_1_277' title='bbox 359 3544 550 3623; x_wconf 87' lang='lat' dir='ltr'><strong>permittam,</strong></span> <span class='ocrx_word' id='word_1_278' title='bbox 581 3543 665 3623; x_wconf 83' lang='lat' dir='ltr'><strong>quod</strong></span> <span class='ocrx_word' id='word_1_279' title='bbox 688 3548 911 3625; x_wconf 77' lang='lat' dir='ltr'><strong>quantumlibet</strong></span> <span class='ocrx_word' id='word_1_280' title='bbox 930 3549 971 3610; x_wconf 86' lang='lat' dir='ltr'><strong>sit</strong></span> <span class='ocrx_word' id='word_1_281' title='bbox 994 3570 1120 3633; x_wconf 82' lang='lat' dir='ltr'><strong>mugnus</strong></span> 
     </span>
     <span class='ocr_line' id='line_1_40' title="bbox 202 3624 1120 3709; baseline 0.013 -28"><span class='ocrx_word' id='word_1_282' title='bbox 202 3640 295 3699; x_wconf 91' lang='lat' dir='ltr'><strong>error,</strong></span> <span class='ocrx_word' id='word_1_283' title='bbox 313 3641 377 3685; x_wconf 91' lang='lat' dir='ltr'><strong>non</strong></span> <span class='ocrx_word' id='word_1_284' title='bbox 399 3630 447 3685; x_wconf 86' lang='lat' dir='ltr'><strong>est</strong></span> <span class='ocrx_word' id='word_1_285' title='bbox 466 3624 650 3705; x_wconf 80' lang='lat' dir='ltr'><strong>haereticus,</strong></span> <span class='ocrx_word' id='word_1_286' title='bbox 673 3628 732 3687; x_wconf 90' lang='lat' dir='ltr'><strong>nisi</strong></span> <span class='ocrx_word' id='word_1_287' title='bbox 751 3631 951 3709; x_wconf 83' lang='lat' dir='ltr'><strong>pertinaciter</strong></span> <span class='ocrx_word' id='word_1_288' title='bbox 968 3642 1120 3695; x_wconf 86' lang='lat' dir='ltr'><strong>asseretur</strong></span> 
     </span>
     <span class='ocr_line' id='line_1_41' title="bbox 201 3701 1118 3792; baseline 0.019 -31"><span class='ocrx_word' id='word_1_289' title='bbox 201 3709 234 3761; x_wconf 88' lang='lat' dir='ltr'><strong>et</strong></span> <span class='ocrx_word' id='word_1_290' title='bbox 262 3701 450 3767; x_wconf 81' lang='lat' dir='ltr'><strong>defendatur.</strong></span> <span class='ocrx_word' id='word_1_291' title='bbox 501 3704 637 3782; x_wconf 71' lang='lat' dir='ltr'><strong>Quorum</strong></span> <span class='ocrx_word' id='word_1_292' title='bbox 670 3716 833 3792; x_wconf 80' lang='lat' dir='ltr'><strong>utrumque</strong></span> <span class='ocrx_word' id='word_1_293' title='bbox 860 3713 961 3776; x_wconf 80' lang='lat' dir='ltr'><strong>adhuc</strong></span> <span class='ocrx_word' id='word_1_294' title='bbox 986 3714 1118 3777; x_wconf 80' lang='lat' dir='ltr'><strong>alienum</strong></span> 
     </span>
     <span class='ocr_line' id='line_1_42' title="bbox 202 3781 1140 3879; baseline 0.023 -39"><span class='ocrx_word' id='word_1_295' title='bbox 202 3781 258 3841; x_wconf 68' lang='lat' dir='ltr'><strong>‘uit</strong></span> <span class='ocrx_word' id='word_1_296' title='bbox 279 3801 299 3843; x_wconf 84' lang='lat' dir='ltr'><strong>e</strong></span> <span class='ocrx_word' id='word_1_297' title='bbox 320 3784 460 3847; x_wconf 84' lang='lat' dir='ltr'><strong>Romano</strong></span> <span class='ocrx_word' id='word_1_298' title='bbox 483 3788 640 3851; x_wconf 81' lang='lat' dir='ltr'><strong>Pontifice.</strong></span> <span class='ocrx_word' id='word_1_299' title='bbox 687 3792 797 3872; x_wconf 83' lang='lat' dir='ltr'><strong>Neque</strong></span> <span class='ocrx_word' id='word_1_300' title='bbox 827 3797 910 3857; x_wconf 81' lang='lat' dir='ltr'><strong>enim</strong></span> <span class='ocrx_word' id='word_1_301' title='bbox 940 3814 1055 3879; x_wconf 70' lang='lat' dir='ltr'><strong>magon</strong></span> <span class='ocrx_word' id='word_1_302' title='bbox 1076 3794 1140 3861; x_wconf 53' lang='lat' dir='ltr'><strong>ers</strong></span> 
     </span>
    </p>
   </div>
   <div class='ocr_carea' id='block_1_5' title="bbox 1220 1826 1225 1911">
    <p class='ocr_par' dir='ltr' id='par_1_6' title="bbox 1220 1826 1225 1911">
     <span class='ocr_line' id='line_1_43' title="bbox 1220 1826 1225 1911; baseline 0 0"><span class='ocrx_word' id='word_1_303' title='bbox 1220 1826 1225 1911; x_wconf 87' lang='lat' dir='ltr'><strong>i</strong></span> 
     </span>
    </p>
   </div>
   <div class='ocr_carea' id='block_1_6' title="bbox 1206 2325 1221 3268">
    <p class='ocr_par' dir='ltr' id='par_1_7' title="bbox 1166 2169 1222 3268">
     <span class='ocr_line' id='line_1_44' title="bbox 1210 2325 1221 2673; baseline 0 173"><span class='ocrx_word' id='word_1_304' title='bbox 1210 2325 1221 2673; x_wconf 72' lang='lat' dir='ltr'><strong>l</strong></span> 
     </span>
     <span class='ocr_line' id='line_1_45' title="bbox 1206 2877 1221 3268; baseline 0 0"><span class='ocrx_word' id='word_1_305' title='bbox 1206 2877 1221 3268; x_wconf 82' lang='lat' dir='ltr'><strong>l</strong></span> 
     </span>
    </p>
   </div>
   <div class='ocr_carea' id='block_1_7' title="bbox 0 0 1304 4300">
    <p class='ocr_par' dir='ltr' id='par_1_8' title="bbox 0 0 1304 4300">
     <span class='ocr_line' id='line_1_46' title="bbox 0 0 1304 4300; baseline 0 0"><span class='ocrx_word' id='word_1_306' title='bbox 0 0 1304 4300; x_wconf 95' lang='lat' dir='ltr'><strong> </strong></span> 
     </span>
    </p>
   </div>
  </div>
 </body>
</html>
