2600 4300
198 400 205 410 .
222 322 286 391 m
473 323 670 380 mm
687 270 796 395 Dispud.
815 322 895 379 butu.

228 496 461 579 trs-stuplisiter
478 491 613 577 sunspts,
636 500 708 557 sunt
727 496 858 557 meliore
868 496 982 557 nornis
994 494 1151 639 oneribus,

229 580 285 643 sed
306 581 351 641 sio
372 599 435 641 non
458 587 529 640 sunt
548 579 770 661 indulgentiae,
793 579 844 639 vei
865 594 921 661 per
942 579 1016 639 inda
1030 581 1152 663 gentius

227 666 274 726 sio
295 681 358 724 nou
381 662 583 743 spptisaotur,
604 660 798 742 recipiuntur
810 668 923 741 autem,
945 671 1039 744 prout
1049 663 1151 723 solum

226 755 303 809 sant
319 746 545 807 satisfactorium
565 763 624 824 pro
644 746 773 825 poenis,
801 754 833 805 et
852 748 913 807 isto
936 746 1032 807 modo
1054 744 1152 826 appii·

225 828 689 909 astunitsspondeosproos
710 829 792 907 quod
815 828 902 907 diois,
925 830 997 909 quid
1014 831 1039 889 si
1052 829 1153 890 nolim

225 913 305 976 istud
329 913 383 973 tibi
405 911 531 972 eredere
552 911 634 972 nudo
656 912 813 973 narranti?
834 912 975 973 ¹Probare
992 912 1151 987 iubeor*)

226 998 367 1078 spiritus,
388 1014 427 1055 ao
450 1014 490 1055 ex
509 994 578 1054 Deo
599 995 670 1055 sint
714 992 875 1073 Seoundo,
896 995 949 1056 ubi
970 1014 1055 1055 nune
1076 995 1153 1055 iliud

227 1087 290 1158 est,
319 1078 404 1159 quod
428 1097 521 1157 supro
541 1077 655 1137 dietum
677 1077 751 1155 fuit,
782 1078 854 1139 ideo
884 1078 938 1139 ilia
966 1097 1023 1159 per
1043 1080 1154 1139 venias

226 1163 414 1242 dispensari,
441 1161 515 1240 quia
541 1178 604 1221 non
626 1167 732 1221 essent
752 1169 961 1238 remunerata,
993 1160 1049 1222 sed
1082 1162 1155 1241 quia

227 1247 376 1309 iesisasnt
395 1243 557 1323 quosdam,
579 1262 660 1321 qaae
681 1262 743 1303 non
761 1244 951 1305 debuerunt?
972 1244 1063 1305 'satia
1078 1262 1154 1325 ergo

228 1332 299 1390 suut
319 1334 383 1388 tour
412 1326 485 1387 viiia
514 1328 639 1401 merito,
672 1333 707 1385 ut
735 1326 849 1389 nuliam
879 1327 970 1387 eiiam
999 1328 1156 1407 resipiant

228 1410 417 1487 mandem„
434 1426 525 1488 quam
546 1416 581 1469 ut
600 1410 662 1470 sint
683 1409 813 1470 eliorum
836 1412 991 1491 pigrorum
1014 1410 1155 1471 satiatae·

230 1493 354 1556 donas?
677 1504 681 1522 ¹

254 1610 258 1622 ·
309 1576 397 1641 Tune
424 1594 520 1655 arguo
546 1576 608 1649 sio,
644 1592 742 1654 opere
762 1577 1052 1657 ‘supererogationis
1084 1582 1157 1636 suut

229 1662 365 1723 omnium
387 1657 579 1718 nobilissime
590 1665 623 1718 et
635 1656 932 1736 perientissimffl).
962 1658 1156 1720 Admittitis?

228 1744 286 1805 its.
335 1742 387 1803 Et
406 1741 483 1801 tatia
515 1760 580 1801 non
617 1748 851 1801 remunerantur
879 1742 1065 1823 martyribus
1103 1742 1156 1802 vel

229 1827 362 1897 mdis,
388 1823 443 1884 sed
466 1823 677 1885 oonoeduntur
699 1825 794 1905 pigris
818 1832 849 1885 et
868 1825 1090 1885 stertentibus?
1127 1832 1156 1885 et

229 1911 275 1971 sio
295 1908 394 1969 monti
414 1914 661 1982 remunerantur,
682 1907 852 1967 seeundum
875 1926 969 1987 opera
989 1916 1022 1969 et
1043 1908 1156 1968 merita

200 2012 288 2071 ,sno
307 1992 437 2067 minora,
459 1992 532 2069 quia
552 1988 737 2069 peritotiors
757 1990 933 2069 relinquant
953 1990 1047 2051 aitis?
1065 1990 1154 2065 Quis

229 2077 274 2137 its
293 2076 438 2150 insaniet,
462 2073 540 2133 oro?
577 2072 661 2152 Ergo
678 2071 716 2133 S.
738 2072 903 2134 Cathariua
923 2090 979 2154 pro
1002 2074 1153 2156 martyrio

232 2166 265 2221 st
283 2159 458 2240 virginitste
480 2175 538 2216 sus
555 2156 634 2217 nihil
656 2158 791 2236 aooepit,
824 2153 877 2217 sed
900 2157 979 2218 hseo
999 2158 1154 2218 eeotesiue

229 2242 390 2326 relinquit,
417 2248 449 2300 et
470 2229 582 2299 suffieit
603 2240 633 2299 ei
654 2241 822 2318 praemium
846 2241 1009 2318 orationis,
1033 2240 1153 2321 vigiiio

232 2343 310 2396 run
330 2330 363 2384 et
382 2322 511 2383 aliorum
534 2322 685 2383 bonorum
708 2322 856 2402 operum?
878 2321 968 2396 Quod
984 2324 1011 2384 si
1027 2323 1153 2398 dixeris,

231 2407 315 2487 quod
335 2405 426 2466 simui
448 2412 480 2464 et
499 2423 556 2484 pro
578 2406 623 2464 sis
639 2406 825 2466 remunerati
847 2413 926 2483 sunt,
949 2414 980 2465 et
1000 2405 1092 2465 simul
1115 2425 1153 2466 es

230 2491 431 2569 reliquerunt,
453 2488 504 2548 ubi
526 2486 602 2547 iliud
625 2485 708 2565 quod
731 2487 844 2548 dietum
865 2487 936 2548 tuit:
967 2507 1038 2549 esse
1060 2505 1153 2567 quae

231 2572 313 2650 darn,
334 2590 414 2651 quse
434 2590 498 2632 non
519 2579 591 2632 sunt
611 2571 826 2631 remunerate?
849 2570 995 2649 Videsne,
1018 2571 1093 2650 quid
1115 2573 1154 2630 sit

231 2657 299 2718 siae
320 2655 484 2715 autoritate
505 2654 590 2732 ioqui
609 2653 880 2732 superemini
903 2654 1063 2716 divinare?

314 2736 405 2813 Quod
426 2739 452 2796 si
473 2739 599 2817 impiam
622 2747 670 2796 est
690 2735 802 2810 didere,
825 2737 906 2816 quod
929 2755 1024 2817 opera
1047 2755 1151 2818 super-

232 2821 435 2902 erogationis,
464 2820 513 2880 vei
534 2820 637 2900 ptura,
664 2837 756 2898 quem
780 2819 950 2892 debuerunt
970 2822 1084 2901 saneti,
1108 2821 1152 2879 sie

232 2906 294 2966 det
315 2903 388 2964 viiia
409 2911 441 2963 et
461 2904 506 2963 eis
527 2909 816 2980 uouremurrerrtu,
838 2912 953 2981 quanto
976 2904 1076 2984 magis
1098 2904 1150 2963 im-

227 2985 1150 3150 tttttiuftttttttittttfflttutttitttt

232 3151 446 3234 magnificare,
473 3160 505 3211 et
532 3158 634 3211 tamen
657 3169 776 3210 rursum
798 3153 910 3212 nostris
931 3150 1075 3232 operibns
1099 3169 1149 3211 eas

223 3237 395 3306 minorare,
414 3234 476 3296 hoe
496 3242 553 3309 est,
575 3232 727 3294 Christum
750 3241 782 3293 et
800 3244 926 3296 sanctos
948 3235 1014 3294 eius
1035 3235 1065 3294 in
1089 3235 1162 3294 suis.

228 3317 595 3411 ruitis-blasphemare.
623 3317 681 3375 nisi
711 3315 743 3376 id
764 3333 891 3379 erronee
912 3323 1024 3379 ettnon
1048 3316 1148 3377 voten-

316 3481 446 3558 Quarte,
463 3498 586 3540 resumo
610 3479 804 3560 argu.'quod
820 3483 938 3563 gios.¹)
963 3481 1002 3543 de
1023 3501 1095 3563 poe.
1121 3491 1149 3544 et

216 3581 276 3643 ,re
299 3581 367 3641 osp.
389 3561 471 3640 quod
494 3569 607 3638 sutem,
628 3563 772 3641 adduoit,
794 3565 927 3642 seitioet,
947 3567 972 3625 si
993 3561 1147 3647 indulgen·

292 3734 338 3796 ’1)
357 3737 387 3788 in
405 3735 449 3790 sd.
467 3738 541 3793 ism:
561 3738 595 3792 de
612 3740 668 3809 gio.

309 3803 337 3868 i)
358 3808 371 3856 t
391 3805 485 3858 Iohan.
503 3808 530 3860 i.
567 3806 618 3875 ··)
635 3811 701 3872 lino.
723 3808 765 3864 10.
