2600 4300
247 302 297 372 48
490 307 934 380 summouentium

251 478 374 540 libellus
382 478 514 559 repudii,
536 486 569 540 et
580 496 663 540 nunc
673 483 835 562 permissio
849 479 947 544 litium
959 489 991 544 et
1001 483 1169 564 iurgiorum

251 561 428 623 forensium.
461 562 536 623 ldeo
557 562 664 624 dolere
686 583 735 625 me
755 564 915 644 confiteor,
937 565 1019 646 quod
1041 566 1170 626 haeres

252 644 339 706 lares
354 652 441 705 tanto
464 645 558 706 boatu
579 646 721 707 ardemus
743 647 837 728 vulgo
858 648 1053 728 persuadere.
1076 645 1170 722 Quod

252 743 322 788 oum
343 729 410 788 sine
429 728 646 790 exhortatione
667 747 797 809 pronum
811 737 858 791 est
878 731 917 791 ad
938 731 1172 811 permissiones,

252 811 379 870 nmmls
398 811 513 872 viribus
534 809 780 892 persuadendum
807 813 864 874 frit
888 813 1101 892 adustioris,
1138 810 1172 872 id

252 901 309 973 est,
330 895 429 974 ipsam
451 895 701 958 satisfactionem.
743 897 786 960 At
805 895 867 956 hoe
886 896 998 975 modo,
1027 913 1096 957 oum
1126 897 1172 955 vi-

251 975 345 1037 deant
370 995 542 1056 praecunes
565 979 722 1040 veniarum
752 985 911 1058 quaestum
933 979 1067 1040 funditus
1088 979 1172 1058 peri-

251 1067 369 1137 turum,
403 1060 639 1140 pmdentissime
668 1059 750 1122 haue
777 1061 912 1122 melioris
934 1064 1172 1143 persuasionem

250 1162 315 1204 non
336 1142 431 1204 modo
459 1145 616 1222 omittunt,
654 1141 708 1203 sed
743 1145 826 1204 omni
848 1144 948 1206 studio
970 1145 1073 1206 celant
1094 1163 1174 1224 quo-

271 1242 336 1287 ue'

251 1244 271 1306 q
312 1309 378 1369 ileu
398 1308 669 1388 multnmprodest,
692 1307 896 1388 quoddieitur
916 1311 1029 1388 (cansa
1048 1306 1173 1390 verbi),

251 1394 359 1453 venias
379 1392 502 1471 quidem
524 1410 588 1453 uon
610 1391 715 1452 valere
731 1391 769 1453 ad
793 1393 932 1452 meritum
947 1411 1003 1454 seu
1025 1392 1173 1470 salutem,

250 1476 355 1537 valere
382 1484 483 1536 tameo
509 1473 550 1536 ad
576 1474 708 1535 celerem
738 1475 978 1537 satisfactionem
1000 1483 1032 1536 et
1051 1493 1174 1555 poena

250 1577 319 1618 rum
350 1559 596 1620 exstinctionem.
640 1557 687 1618 Sit
708 1577 784 1619 saue
800 1559 862 1636 ite,
892 1558 946 1619 sed
968 1559 1173 1620 nihilominus

251 1641 339 1721 redit,
361 1641 393 1701 id
413 1642 496 1720 quod
510 1642 593 1720 prius
613 1640 728 1701 dictum
751 1648 807 1719 est,
830 1641 914 1721 quod
935 1641 1036 1702 adhuc
1056 1639 1173 1700 melius

252 1727 292 1785 sit
310 1726 402 1785 etiam
424 1742 542 1804 poenas
557 1730 589 1784 et
609 1723 834 1785 satisfactiones
856 1743 918 1785 uon
934 1725 1089 1804 exstingui
1114 1729 1172 1782 aut

240 1809 378 1886 remim,
409 1825 477 1866 eum
504 1807 536 1866 iu
556 1807 617 1867 hoo
637 1825 700 1866 uon
730 1808 788 1866 nisi
810 1807 927 1886 optima
948 1825 1043 1886 opera
1063 1807 1173 1866 remita

250 1898 369 1969 tantur,
390 1890 510 1950 scilicet
529 1890 644 1966 oratio,
665 1890 825 1963 ieiunium,
848 1889 1055 1969 eleemosyna.
1100 1888 1170 1948 Hae

251 1975 333 2035 euim
355 1977 426 2033 suut
445 1979 547 2052 partes
558 1971 787 2051 satisfactionis,
809 1989 885 2051 quas
905 1973 1016 2032 remitti
1028 1974 1054 2031 si
1068 1971 1169 2032 audes

251 2058 366 2118 bonum
386 2073 540 2132 asserere,
565 2053 692 2115 audebis
713 2056 806 2116 etiam
830 2053 882 2134 id,
905 2053 987 2134 quod
1009 2054 1086 2115 nihil
1111 2060 1169 2133 est,

251 2141 400 2221 optimum
424 2137 536 2199 dicere.

331 2224 426 2304 igitur
445 2222 552 2281 venias
573 2228 730 2301 quaerant,
751 2223 802 2302 qui
823 2220 940 2283 volunt.
971 2221 1031 2283 Sed
1053 2222 1166 2282 exhor-

249 2313 351 2368 tentur
370 2306 440 2386 plus
461 2303 500 2364 ad
522 2303 672 2381 meliore,
692 2302 723 2364 id
746 2310 807 2381 est,
829 2304 868 2365 ad
888 2306 958 2385 ipsa
978 2306 1095 2387 optima
1118 2322 1165 2364 sa-

241 2386 431 2451 tisfactionis
443 2406 547 2467 opera.
568 2385 653 2447 Siout
662 2387 770 2467 virgini
783 2388 1109 2467 permittitApostolus
1127 2385 1164 2469 *)

248 2473 380 2550 sunere,
411 2471 549 2531 hortatur
572 2473 677 2530 autem
697 2471 813 2550 magis,
844 2477 878 2530 ut
897 2472 997 2551 uirgo
1028 2479 1165 2531 maneat.

248 2556 340 2617 Tales
362 2561 478 2615 ettam
501 2552 650 2613 discretos
671 2553 827 2613 veniarum
849 2553 1080 2631 buccinatores,
1114 2554 1166 2633 qui

248 2644 393 2719 separent
412 2637 616 2717 pretiosuma
636 2634 699 2713 vili,
722 2636 748 2694 si
769 2635 899 2715 dederis,
921 2635 995 2696 nihil
1019 2644 1075 2712 est,
1103 2654 1164 2715 quo

247 2722 476 2797 dissentiones,
508 2736 626 2800 paucos
645 2724 749 2779 autem
771 2718 874 2799 dabis,
908 2726 961 2779 aut
983 2718 1103 2800 aliquot
1127 2738 1165 2779 ex

248 2806 324 2886 ipsis
347 2803 506 2865 mendicos
525 2802 629 2864 facies.
1061 2846 1073 2867 ,

239 2913 242 2921 ·
332 2888 381 2949 Ad
401 2886 665 2967 quadragesimam
687 2902 755 2944 cum
775 2884 933 2947 S.Thoma
946 2885 1048 2959 (timui
1070 2885 1162 2961 enim,

249 2992 289 3033 ue
311 2992 380 3033 cum
400 2971 431 3032 S.
453 2969 549 3031 Paulo
572 2968 621 3027 vel
640 2967 832 3048 Augustino)
862 2966 1020 3027 confutare
1041 2968 1164 3027 conada

248 3057 377 3116 alterurn
399 3073 498 3114 meum
521 3051 574 3134 (ut
593 3050 711 3126 dixisti,
735 3050 844 3113 fulsum
865 3062 1078 3131 praeceptum,
1108 3051 1164 3112 sci·

248 3140 322 3200 licet
348 3137 430 3217 quod
457 3152 531 3197 vera
557 3134 700 3195 contritio
726 3152 844 3214 poenas
866 3134 985 3213 quaerit
1013 3140 1044 3193 et
1069 3140 1163 3192 tarnat.

248 3222 290 3283 Et
309 3222 470 3300 distinguis
492 3218 630 3297 duplices
652 3234 769 3295 poenas
800 3218 896 3292 (sieut
927 3221 958 3275 et
979 3234 1071 3295 supra
1093 3215 1163 3275 feci-

240 3307 322 3385 ·sti),
355 3305 467 3384 primo,
497 3300 641 3381 quamdiu
663 3318 781 3379 poenas
806 3299 880 3360 dare
916 3317 972 3379 pro
995 3297 1160 3359 sceleribus

248 3397 297 3450 est
328 3387 455 3449 alicuius
480 3384 553 3447 boni
582 3384 754 3462 allativum‚
788 3390 822 3443 ut
847 3384 878 3442 iu
907 3382 1062 3462 praesenti
1091 3381 1161 3458 vita,

248 3472 374 3551 quando
395 3469 583 3531 meritorium
605 3473 661 3543 est,
681 3484 757 3526 vera
776 3467 919 3528 contritio
940 3470 1024 3525 amat
1046 3480 1160 3543 poenas

239 3552 296 3614 «ad
306 3552 487 3614 merendum
508 3558 541 3611 at
559 3548 806 3630 praecavendum
826 3548 1009 3630 sponsatis,
1030 3547 1099 3608 siue
1119 3552 1159 3606 ta

251 3655 322 3696 meu
345 3642 519 3716 contemptu
540 3632 709 3694 veniarum.
750 3661 754 3675 ·

289 3825 485 3897 ⁸)10or.7.
