2600 4300
416 321 452 376 is
469 318 569 377 virtute
585 318 829 391 indulgentiorem.
1015 315 1078 386 250

168 491 297 571 vit-ginon
307 509 440 571 prorsus
456 491 531 551 nibil
552 492 712 553 voluerunt
725 493 955 555 eommuniosre
967 474 1010 552 'de
1021 508 1080 554 suo

167 574 242 653 oleo,
266 574 417 651 timentes,
439 594 478 633 ne
498 576 573 659 ipsis
596 594 719 655 quoque
743 574 896 635 deficeret.

240 656 354 735 Tertio,
377 658 488 717 Paulus
512 662 527 720 1
547 658 683 721 Oorinth.
706 661 741 722 3:
763 658 979 737 Unusquisque
995 676 1077 718 rner-

164 740 267 799 eedem
289 741 419 820 seoipiet
441 739 610 801 seeundum
639 760 727 801 suum
751 740 905 821 laborem,
935 759 997 801 non
1026 742 1079 827 sit,
1192 777 1194 786 ι

163 822 329 882 seeundum
351 823 495 884 eliseum.
1073 863 1080 871 ·
1181 880 1184 889 .

242 904 377 983 Quarto,
398 903 500 966 (iulet.
523 908 557 970 6:
600 906 815 986 Unusquisque
837 924 894 987 pro
917 926 951 967 se
974 906 1081 967 reddet

161 990 320 1066 robosem,
342 990 518 1049 etiterum:
540 996 574 1049 ut
594 992 804 1070 unusquisque
825 990 967 1070 resipiat,
989 994 1081 1070 prout

163 1072 256 1152 gessit
276 1073 308 1130 in
331 1090 472 1152 corpore.

241 1152 368 1233 Quinto,
390 1157 491 1216 omnis
507 1161 631 1216 sanetus
649 1155 770 1215 debitor
787 1162 833 1215 est
844 1155 903 1216 Dei
924 1154 1079 1235 diligendi,

160 1244 307 1316 qusntum
329 1244 443 1317 potest,
464 1240 527 1299 imo
549 1238 628 1299 uitro
649 1256 741 1318 quern
764 1234 877 1319 p'otest,
900 1237 953 1299 sed
978 1238 1079 1297 nullus

114 1366 120 1374 .
162 1319 189 1379 id
209 1320 293 1399 feeit,
317 1338 376 1380 nee
396 1323 505 1401 potuit.
960 1344 972 1365 ⁸

240 1402 356 1481 Sexto,
377 1406 476 1464 ssueti
497 1422 552 1484 per
573 1422 652 1484 opus
676 1424 782 1465 eorum
804 1405 939 1465 omnium
962 1391 1080 1484 petien-

161 1486 329 1564 tissimum,
357 1488 474 1547 soitieet
497 1495 642 1564 mortem,
675 1489 869 1568 martyrium,
893 1489 1079 1569 passionem,

160 1588 220 1629 non
240 1569 359 1629 tastum
379 1569 458 1629 uitro
485 1588 578 1649 quem
608 1570 736 1645 debent,
764 1572 826 1631 imo
855 1568 970 1629 ieeiunt
997 1568 1079 1648 quod

160 1650 288 1729 debent,
319 1653 410 1711 &sm
440 1654 493 1712 vix
519 1653 645 1717 fuciunt.
689 1654 771 1733 Ergo
802 1654 899 1713 multo
929 1653 1027 1713 miuus
1049 1652 1078 1710 in

161 1735 225 1795 eliis
248 1734 395 1815 operibns
416 1735 486 1815 pius
506 1735 643 1795 feserunt
664 1754 755 1815 quem
779 1736 957 1798 debuerunt.

240 1816 391 1897 Septimo,
414 1818 508 1897 quod,
529 1838 598 1878 eum
621 1825 669 1879 tot
684 1838 744 1899 ego
767 1827 948 1899 argumenta
969 1814 1081 1899 produ*

161 1920 243 1978 snm,
266 1900 312 1959 itti
335 1909 437 1961 eutem
458 1920 515 1981 pro
537 1920 595 1961 sus
614 1910 702 1981 purte
724 1920 781 1962 nee
803 1920 912 1973 unum,
935 1901 990 1961 sed
1011 1900 1080 1960 sim·

133 1993 135 2000 '
160 1983 268 2062 plicent
292 1984 511 2062 narrationum,
533 1987 599 2044 sine
620 1984 794 2065 seripturis,
817 1984 1011 2062 dootoribus,
1034 2002 1080 2043 rs·

160 2066 294 2126 tionibus
317 2065 491 2146 loquentes,
512 2085 693 2147 possumus,
716 2068 778 2127 imo
800 2067 946 2128 debemus
968 2066 1007 2127 sb
1031 2084 1081 2127 eo·

160 2169 222 2210 rum
245 2152 401 2210 sententis
422 2152 548 2211 omnino
569 2151 724 2212 recedere.
753 2151 814 2214 Sed
830 2152 908 2212 hoeo
929 2151 1079 2214 sintmes.

239 2233 332 2293 Nono
356 2234 439 2294 idern
470 2233 571 2314 probo
604 2237 768 2295 sutor-itate
804 2233 836 2297 S.
865 2243 993 2314 petrum.
1041 2231 1081 2292 Et

162 2317 257 2395 primo
282 2315 356 2376 itud
378 2317 528 2377 inmitisre
557 2317 590 2378 B.
613 2319 789 2397 Augustini:
833 2317 962 2380 Omnes,
980 2317 1078 2376 sensti

160 2417 289 2458 neeesse
310 2398 425 2459 bibent
444 2417 550 2471 orere,
579 2401 702 2460 Dimitte
729 2399 818 2460 nobis
840 2399 943 2460 debite
963 2409 1079 2476 nostre,

161 2483 258 2542 eben?
273 2489 348 2541 tune
369 2501 437 2542 eum
461 2482 675 2560 benefecerint,
698 2501 735 2543 eo
758 2482 841 2562 quod
855 2481 993 2543 Christus
1015 2481 1079 2540 nul·

162 2563 219 2624 lum
243 2565 385 2645 excepit,
417 2565 543 2644 quondo
576 2584 665 2625 orere
692 2583 750 2626 nos
778 2565 892 2627 doeuit.
935 2563 996 2626 Sed
1028 2565 1098 2643 qui·

162 2647 344 2708 sentitentur
366 2646 478 2723 debite,
501 2655 583 2708 eerte
604 2665 667 2708 non
688 2648 947 2728 superabundent.

240 2729 397 2808 Semrndo,
417 2749 473 2810 per
493 2730 572 2804 Psni,
596 2731 693 2810 32¹t:
732 2733 846 2791 Beatus
869 2733 924 2810 vir,
946 2732 994 2790 eui
1017 2747 1088 2798 nou*

161 2814 323 2894 imputavit
343 2813 494 2874 Dominus
517 2822 688 2894 peeostum.
731 2815 771 2874 Et
796 2813 887 2874 inire:
930 2814 988 2877 Pro
1021 2813 1080 2873 hoo

163 2896 261 2956 orubit
282 2896 321 2956 sd
344 2904 375 2956 te
396 2898 496 2957 omnis
516 2904 652 2958 sanetus.
696 2896 795 2972 Quom
818 2897 851 2957 B.
873 2897 1079 2980 Hieronymus

163 2978 362 3040 dintseontm
381 2971 539 3059 Pelagium
561 2981 686 3059 egregie
709 2987 844 3040 trsetsns
867 2980 953 3041 dioit:
998 2978 1080 3055 Quo·

164 3062 252 3128 modo
274 3070 323 3122 est
343 3071 478 3141 unetos,
500 3063 527 3122 si
548 3081 605 3143 pro
627 3064 785 3142 impietate
806 3081 863 3122 suu
883 3063 973 3124 oret?
1004 3063 1081 3124 iton

163 3164 241 3205 sum:
284 3144 318 3206 Si
344 3152 391 3205 est
410 3146 541 3225 impius,
573 3165 636 3206 non
659 3155 706 3206 est
726 3153 851 3206 senetur
873 3154 932 3208 eto.
974 3146 1086 3226 Itaque.

163 3229 257 3288 sinoti
277 3247 334 3308 per
356 3230 525 3288 orationem
548 3237 579 3288 et
600 3229 826 3291 eoniessionem
845 3249 924 3296 sune
943 3229 1080 3309 impiets·

164 3312 198 3370 tis
219 3318 373 3372 merentur
395 3311 452 3371 sibi
474 3329 537 3372 non
558 3313 700 3392 imputari
722 3320 894 3393 pensatum.

242 3394 365 3473 Tertio,
394 3394 429 3455 B.
450 3395 641 3474 Augustinus
671 3396 761 3458 libi
790 3403 922 3456 retient:
958 3393 1077 3454 ¹Omnis

167 3477 308 3538 mundato
329 3477 503 3557 implentur,
525 3477 660 3558 quando,
683 3479 827 3558 quiequid
845 3497 907 3541 non
928 3477 1081 3558 impietur,

168 3560 342 3639 ignoscitur.
385 3560 511 3621 iisstst
532 3563 612 3622 enim
635 3561 747 3622 ibidem
771 3563 996 3640 quaestionem:
1033 3563 1082 3620 An

166 3645 257 3703 sensti
276 3643 473 3724 impleverint
492 3645 639 3707 mendsts
664 3645 815 3724 periente,
849 3651 881 3703 et
901 3649 1012 3724 neget,
1038 3643 1082 3702 di·

228 3822 261 3891 1)
281 3822 312 3875 in
332 3820 377 3878 ed.
395 3823 499 3892 prins:
519 3821 565 3878 31.

798 3920 870 3983 ‚17⁶
