2600 4300
360 323 395 377 sd
415 324 616 392 Hieronymum
634 340 683 405 cp,
702 324 858 379 Brandeub.
1008 320 1085 389 1271

153 500 241 637 guara
276 495 394 569 fateor)
427 496 553 556 omnino
589 496 783 575 captivarent
820 503 913 578 atqua
945 496 1068 559 conclu·

171 586 264 641 erent
833 580 836 589 '
941 632 943 641 ,

228 661 271 723 Ut
282 681 357 742 ergo
376 662 511 740 utrisque
533 661 752 739 satisfacerem,
773 664 871 723 visum
894 662 991 723 estid
1016 682 1068 744 op·

151 746 252 804 timum
278 744 439 807 consilium
463 744 597 822 utrisque
625 763 725 822 nequa
754 748 945 822 consentire,
968 765 1069 827 neque

151 827 321 906 dissentire,
344 826 399 887 sed
422 827 577 899 interea¹)
602 826 640 885 de
664 834 749 887 tanta
770 847 803 887 re
825 827 993 908 disputare,
1016 829 1069 891 do·

151 929 205 970 uec
233 910 369 971 ecclesia
394 917 691 987 sancta'statueret,
714 909 786 988 quid
809 911 1002 973 sentiendum
1025 913 1068 975 fo·
1149 964 1156 977 .

152 1001 201 1053 ret.
245 995 353 1072 ltaque
387 994 474 1053 emisi
508 992 763 1071 disputationem,
795 994 927 1055 invitans
961 1004 993 1057 et
1021 1014 1068 1057 ro·

93 1129 94 1132 ,
151 1096 225 1157 gans
246 1076 371 1157 publice
393 1094 521 1149 omues,
544 1076 685 1155 privatim
707 1094 797 1154 vero,
820 1084 853 1137 ut
874 1078 957 1155 novi,
979 1078 1069 1157 quos‘·

140 1166 209 1237 'que
236 1158 450 1233 doctissimos,
484 1164 517 1217 ut
544 1158 592 1217 vel
620 1178 676 1237 per
697 1158 801 1219 literas
832 1179 918 1219 suam
948 1168 1069 1221 senten·

151 1244 219 1302 tiam
241 1243 405 1322 aperirent
449 1239 706 1322 Quandoquidem
732 1242 821 1303 iniis
845 1242 935 1303 rebus
969 1262 1068 1323 neque

151 1327 328 1405 scripturas,
357 1343 459 1402 nequa
480 1322 623 1384 doctores
643 1324 886 1401 ecclesiasticos,
904 1344 1004 1405 neque
1025 1327 1069 1406 ip·

152 1427 200 1467 sos
216 1427 371 1485 canones,
392 1413 516 1486 praeter
527 1426 642 1485 paucos
665 1409 853 1485 canonistas,
875 1417 906 1469 at
927 1408 985 1469 hos
1003 1410 1102 1468 sines

152 1499 232 1551 textu
254 1492 430 1570 loquentes,
452 1497 484 1549 at
503 1490 841 1568 aliquosscholasticos
865 1492 1009 1553 doctores
1031 1493 1068 1553 si·

152 1575 259 1635 militer
276 1575 462 1654 opinantes,
492 1572 566 1649 nihil
589 1575 681 1633 etiam
704 1573 887 1653 probantes,
909 1573 1068 1655 suffragari

153 1658 221 1717 mihi
242 1657 389 1719 riderem.

173 1786 195 1817 ,
228 1740 301 1801 Mihi
323 1738 353 1799 id
376 1758 452 1799 sane
475 1738 506 1813 ²)
537 1740 673 1799 omnium
696 1738 790 1819 longe
818 1739 1068 1801 absurdissimum

151 1822 274 1900 videtur,
295 1820 411 1901 aliquid
433 1821 551 1881 scilicet
571 1823 603 1880 in
624 1822 757 1883 eeclesia
766 1822 821 1883 Dei
844 1823 1014 1902 praedicari
1038 1830 1069 1885 et

153 1906 254 1983 audiri,
277 1904 360 1984 quod
383 1923 453 1964 cum
470 1904 617 1964 haeretici
632 1906 905 1984 expostulaverint,
928 1905 1009 1967 unde
1024 1926 1069 1967 ra

154 1991 262 2049 tionem
281 1987 460 2063 reddamus,
490 1994 520 2046 et
548 2006 606 2049 nos
628 2006 690 2047 non
714 1990 882 2067 possimus,
916 1988 1069 2049 Christum

155 2083 184 2131 et
202 2070 363 2131 ecclesiam
392 2072 457 2131 eius
478 2070 687 2149 relinquamus
708 2070 769 2131 illis
791 2071 951 2134 ridiculum
976 2078 1007 2133 et
1028 2071 1069 2131 lu-

155 2154 287 2216 dibrium.

229 2238 327 2298 Porro
352 2235 543 2302 scholasticis
554 2235 731 2296 doctoribus
754 2244 785 2296 et
806 2237 974 2298 canonistis
997 2256 1068 2298 con·

157 2321 336 2380 statnullam
360 2318 465 2380 deberi
486 2337 505 2378 a
527 2318 616 2380 nobis
637 2317 740 2398 fidem,
763 2319 834 2382 dum
857 2339 927 2381 suas
945 2321 1070 2399 opinan-

157 2417 199 2463 tur
218 2404 390 2483 opiniones.
433 2401 473 2460 Et
494 2407 527 2460 ut
549 2401 642 2482 vulgo
662 2401 785 2462 dicitur:
807 2403 909 2483 Turpe
932 2411 979 2463 ast
1000 2404 1069 2464 inri-

158 2494 227 2546 stam
249 2486 337 2566 loqui
358 2486 425 2546 sine
449 2490 550 2558 textu,
570 2494 604 2544 at
625 2485 721 2546 multo
743 2485 859 2565 turpius
882 2493 929 2546 est
950 2485 1069 2548 theolo-

158 2589 220 2648 gum
247 2569 333 2648 loqui
359 2569 426 2628 sine
454 2573 556 2645 textu,
585 2586 647 2628 non
670 2567 845 2630 Aristotelis
877 2569 962 2646 dico,
997 2589 1068 2630 nam

159 2651 231 2712 huuc
250 2651 319 2731 plus
342 2649 432 2710 valde
454 2651 544 2710 nimis
566 2653 640 2710 satis
663 2651 842 2730 loquuntur,
874 2651 928 2712 sed
951 2659 1068 2730 nostro,

159 2733 259 2809 idest,
281 2736 450 2814 scripturae
471 2751 589 2810 sacrae,
611 2753 774 2813 canonum,
790 2735 1069 2796 ecclesiasticorum

95 2851 96 2858 ι
161 2819 284 2878 Petrum.

232 2899 362 2960 Proinde
389 2898 463 2958 mihi
484 2897 582 2958 visum
613 2906 676 2976 est,
709 2919 773 2960 rem
806 2899 887 2962 hauc
914 2921 981 2962 esse
1008 2901 1069 2962 mei

162 2983 242 3042 studii
263 2991 296 3043 et
317 2980 420 3058 officii,
443 2980 598 3060 disputare
619 2983 738 3044 scilicet
760 2983 799 3044 de
821 2983 910 3046 rebus
933 2985 1069 3044 omnium

163 3064 382 3139 dubiosissimis,
405 3064 470 3141 sad,
492 3063 582 3124 simul
604 3065 630 3124 si
653 3065 748 3126 falsae
771 3067 803 3135 ³)
827 3068 897 3144 sint,
919 3065 1069 3146 periculo·
1096 3091 1116 3134 2

163 3149 277 3208 sissima
299 3154 428 3224 asserta,
451 3145 575 3226 quando
596 3147 752 3228 hucusque
773 3149 889 3210 licitum
912 3156 961 3210 est
974 3147 1068 3210 Scho-

95 3287 96 3294 ,
163 3230 275 3309 lacticis,
297 3230 336 3290 da
356 3232 391 3290 iis
414 3232 506 3290 etiarn
528 3229 618 3290 rebus
639 3232 852 3292 sacratissimis
880 3230 1068 3292 reverendis·

94 3376 95 3379 ,
166 3331 229 3392 que,
256 3333 329 3393 quas
351 3333 407 3392 per
430 3321 476 3374 tot
497 3313 602 3376 secula
625 3313 725 3374 nullus
755 3313 904 3376 dubitavit
926 3313 1067 3376 Christis·

95 3401 96 3412 ¹
167 3416 229 3473 nus,
251 3396 414 3477 disputare.

235 3478 322 3554 Quod
345 3497 418 3539 varo
432 3478 555 3538 humilis
577 3484 608 3538 et
629 3477 749 3538 deiecta
771 3498 877 3540 eorum
900 3479 939 3538 sit
961 3477 1068 3558 religio

94 3583 96 3665 p
168 3581 211 3621 seu
225 3563 403 3640 reverentia,
426 3561 476 3641 qui
487 3560 525 3620 de
537 3568 691 3641 potestate
704 3561 913 3622 ecclesiastica
924 3579 977 3620 seu
990 3579 1068 3620 sum·

209 3748 237 3814 l)
256 3749 286 3802 ln
314 3748 358 3802 ed.
382 3749 456 3803 lam:
482 3750 601 3802 interim.
657 3747 740 3814 ²)1n
766 3746 807 3800 ed.
827 3745 900 3799 lau:
938 3761 1005 3798 saue
1030 3743 1068 3799 ld.

96 3822 97 3843 ¹
168 3817 193 3884 3)
212 3822 305 3898 lusit:
325 3819 403 3875 false.
753 3837 755 3840 ·
