2600 4300
246 335 290 406 m
398 417 405 428 .
497 341 936 438 nomnenpmmuos

247 510 522 658 mandendi&
543 519 630 578 rests
643 516 788 596 sentim,
810 522 842 578 et
857 515 1166 578 siososentesnooto

328 679 530 760 Respondent
572 681 725 743 Remissio
753 697 925 761 poenorum
952 687 1072 742 tentum
1093 697 1165 740 oon·

245 763 341 824 tems
363 781 421 844 per
447 763 550 823 literas
579 764 854 845 etindulgentiss,
885 765 1052 846 dignumne
1090 781 1163 842 ergo

245 846 364 907 iudions
383 846 479 923 hone,
510 847 668 926 spiritnole
689 845 886 910 commodum
907 846 1041 908 voosre?
1085 843 1165 920 Quid

246 930 350 990 enims
378 928 452 990 inde
477 927 552 990 boni
590 930 806 1010 oonsequitur?
848 930 930 990 Nihil
958 947 1101 1011 prorsus,
1136 935 1166 988 et

245 1018 349 1073 tomen
379 1019 427 1073 est
455 1012 613 1091 spirituale
645 1011 852 1077 eommodum.
893 1013 941 1073 Ite
966 1011 1071 1074 luditis
1099 1029 1165 1071 ver-

217 1094 353 1156 ·borum
375 1101 407 1156 et
426 1096 584 1156 nominum
606 1095 746 1176 timentis,
770 1094 872 1162 donee
891 1096 996 1157 omnio
1017 1093 1163 1155 oondrde-

248 1177 324 1239 mm

327 1258 486 1337 Seoundo,
514 1259 671 1338 quomodo
693 1279 764 1341 spes
786 1261 894 1322 melius
917 1259 1042 1321 vivendi
1065 1260 1164 1320 nesei-

245 1350 295 1405 tur
314 1361 355 1403 ex
374 1341 556 1403 remissione
577 1341 769 1421 poenarum?
789 1343 820 1404 id
833 1351 890 1422 est,
912 1345 976 1406 vite
991 1361 1031 1403 ex
1044 1342 1163 1403 morte?

245 1427 365 1488 Hortus
385 1443 436 1486 res
458 1431 506 1486 est
524 1442 693 1504 poenorum
715 1427 872 1504 remissio,
903 1433 934 1488 et
960 1427 1004 1487 its
1032 1431 1163 1503 mortuo,

246 1519 279 1569 ut
300 1511 393 1570 etiem
414 1509 473 1568 tuis
494 1508 649 1587 magistris
670 1509 798 1571 testibus
816 1508 1164 1570 meliussitsotisfeoere

244 1609 301 1674 per
321 1611 367 1670 se,
388 1609 480 1671 quem
501 1590 742 1652 satisfactionem
755 1593 866 1653 remitti
879 1591 1163 1672 perindulgentios.

246 1673 1163 1756 fflfflwmmmmmme

245 1760 329 1819 vitoe
349 1757 486 1818 melioris
507 1774 547 1817 ex
558 1755 627 1817 Deo
647 1759 846 1838 pergratiam
864 1759 929 1819 eius
941 1759 1033 1818 venit.
1057 1757 1163 1819 Gestis

246 1848 348 1902 sutem
375 1859 439 1901 non
466 1840 497 1899 in
524 1840 770 1920 remissionibus,
803 1839 858 1902 sed
885 1841 917 1901 in
945 1839 1162 1902 infliotionibus

245 1939 415 2004 poenosum
435 1923 629 2002 potissimum
658 1931 812 2002 operetur,
848 1930 882 1984 ut
908 1923 948 1984 ed
969 1923 1160 1984 Corinthios:

245 2003 834 2086 mesmimmmmmpmfflmm*p
897 2004 899 2014 ’

288 2115 292 2124 ·
327 2088 376 2150 Ad
397 2089 584 2149 tricesimum
606 2090 736 2169 tertiam,
758 2089 809 2152 ubi
831 2089 906 2151 nihil
927 2088 1059 2152 habuisti
1081 2087 1160 2169 quod

245 2172 378 2247 diceres,
401 2172 433 2233 id
454 2172 580 2233 voluisti
603 2174 726 2251 ooneri,
748 2180 782 2234 ut
802 2192 852 2235 me
872 2171 1011 2254 pontifloi
1033 2172 1161 2235 odiosis

245 2257 354 2317 simum
373 2254 503 2334 moeres,
525 2256 610 2316 ouius
631 2274 683 2317 me
704 2255 908 2318 detrusionem
928 2257 1089 2335 iniustum,
1111 2255 1161 2316 isl-

245 2356 322 2414 snm,
344 2356 566 2418 erroneamque
587 2338 770 2401 deblateras.
812 2338 950 2424 Evidens
970 2340 1096 2419 signum
1118 2344 1162 2399 est

244 2422 381 2483 destituti
399 2440 419 2481 s
437 2423 568 2483 veritate
588 2421 672 2482 furor
693 2428 725 2483 et
744 2422 924 2504 indignatio.

326 2504 515 2585 Respondes
546 2504 601 2565 tibi
632 2506 729 2567 semel
759 2524 816 2587 pro
848 2503 1003 2568 omnibns:
1047 2502 1161 2565 Summi

244 2586 399 2668 pontideis
425 2593 611 2667 potestatem
633 2587 769 2669 honoro,
802 2590 880 2649 siout
906 2586 1012 2665 dooet,
1044 2592 1161 2648 vestm

244 2676 349 2731 eutem
383 2670 434 2730 vei
462 2671 640 2750 opiniones,
670 2672 720 2732 vel
752 2670 945 2732 sdulstiones
985 2674 1159 2731 oontemuo.

244 2751 319 2815 ideo
341 2753 430 2814 huius
452 2752 659 2815 oonelusionis
681 2770 769 2815 mese
793 2755 892 2829 (hono
913 2753 996 2814 enim
1015 2768 1082 2813 non
1107 2752 1159 2811 dis-

244 2839 341 2979 pluto)
363 2838 548 2897 oonmsrium
568 2834 667 2898 libero
685 2836 787 2898 fronte
805 2836 957 2898 haeresim
981 2836 1158 2915 prounuoio.

275 2937 316 2979 on
348 2926 397 2980 est
429 2920 461 2979 in
487 2937 581 3009 menn
613 2919 746 2980 hominis
781 2918 973 2980 reconsiliari
1007 2917 1158 2979 hominem

195 3078 197 3081 y
245 3001 324 3080 Deo,
344 3020 404 3063 neu
423 3020 507 3082 pope
526 3008 631 3081 potest
650 3004 780 3081 gratim
792 3004 850 3063 Dei
872 2999 1088 3063 iustitiosntem
1111 3000 1158 3061 do·

246 3104 331 3164 nere,
353 3090 387 3145 ut
408 3090 476 3146 tots
491 3085 585 3145 sentit
601 3084 742 3165 eoeleste,
764 3087 848 3147 euius
862 3084 1048 3147 eontrarium
1063 3084 1158 3143 nullus

180 3222 186 3237 ,
246 3168 304 3231 fnit
325 3174 387 3228 tom
409 3166 520 3229 foedus
540 3166 722 3243 hoeretious,
745 3170 796 3249 qui
818 3168 953 3230 dooeret.

330 3250 484 3328 Secundo,
507 3256 541 3311 ut
560 3251 620 3310 tuis
639 3252 846 3330 praedonibus
868 3256 1023 3328 uteunque
1044 3266 1158 3317 ssoour·

245 3342 312 3408 ros,
341 3334 452 3394 iterum
484 3330 525 3393 dn
550 3332 575 3393 ‘s
602 3331 830 3396 distinctionem
859 3352 916 3415 pro
937 3332 1158 3395 inomistsmm

246 3416 392 3477 lsudsbiii
407 3433 504 3492 more,
546 3415 646 3475 iosos:
669 3414 728 3491 Qui
743 3436 817 3479 vero
857 3416 963 3478 dieunt
983 3425 992 3486 (
1002 3422 1037 3476 ut
1054 3412 1158 3497 refers)

246 3510 320 3560 vere
342 3499 456 3579 dieunt,
477 3497 573 3558 modo
593 3497 805 3562 renonciliatio
827 3500 883 3562 illo
903 3500 1092 3581 intelligetur
1110 3500 1157 3557 im-

247 3582 382 3662 proprie,
403 3581 672 3662 permotionem
691 3589 816 3662 renum,
838 3585 889 3664 qui
910 3584 1045 3645 enimam
1067 3600 1087 3642 s
1105 3581 1157 3642 Dei

249 3663 512 3747 oontemplstione
533 3663 616 3725 olere
636 3665 824 3729 seoludebst.

325 3835 357 3905 ⁶)
377 3840 391 3891 1
410 3836 476 3895 Gor.
493 3838 539 3895 12
