2600 4300
312 342 477 410 spnden-d.
492 342 520 398 ὃ.
537 343 613 398 ffixti
631 343 712 398 Rea.
731 342 812 396 Post
830 342 895 412 teg.
1001 338 1063 406 Ἠ)

393 547 432 608 Μ.
455 545 576 609 L.'Pio
598 547 755 651 Lectori
768 545 811 632 ¹).

223 711 323 791 Nune,
345 713 386 772 mi
405 711 514 792 laetor,
535 719 568 774 tu
591 713 664 773 mriri
686 711 916 774 conveniendus
939 731 982 774 es.
1005 711 1061 773 Po-

150 797 302 856 steriorem
334 793 418 854 iiiam
440 793 471 873 ²)
506 797 740 878 responsionem
772 815 872 858 meam
901 795 958 856 etsi
993 811 1061 856 aum

146 877 238 939 multa
259 879 432 938 reverentia
460 876 530 939 dedi
552 897 589 940 ae
610 879 696 940 vetut
715 881 745 940 in
767 880 923 940 arbitrium
950 879 1062 938 summi

149 959 296 1046 pontificis
318 962 456 1042 reposui,
477 979 542 1023 non
564 969 666 1022 tamen
688 961 720 1022 id
743 981 791 1022 me
813 961 924 1024 ieeisse
945 960 1062 1042 eredas,

148 1041 227 1122 quod
249 1041 288 1106 de
308 1063 342 1104 re
363 1045 432 1124 ipsa
453 1043 596 1124 dubitem,
620 1051 673 1108 aut
693 1045 785 1106 animi
804 1046 985 1106 sententiam
1008 1045 1065 1104 aim
1086 1081 1090 1097 ·

147 1144 278 1208 unquam
289 1133 466 1188 mutaturus.
489 1127 610 1190 Veritas
633 1127 737 1188 divina
761 1132 808 1189 est
830 1130 922 1189 etiam
940 1126 1065 1188 domina

145 1227 261 1290 papae,
293 1228 356 1271 non
387 1209 467 1272 enirn
495 1210 639 1271 indicium
661 1211 792 1275 hominis
815 1217 979 1292 exspecto,
1013 1207 1064 1271 ubi

146 1291 280 1353 divinum
301 1293 445 1354 iudioiurn
467 1296 620 1375 cognovi,
653 1293 707 1354 sed
730 1296 802 1374 quia
824 1294 960 1376 oportuit
979 1309 1067 1354 reve·

139 1375 272 1437 'rentiam
295 1393 416 1437 servare
441 1378 478 1455 ei,
501 1379 551 1458 qui
573 1379 641 1438 vioe
655 1377 764 1438 summi
785 1372 938 1458 pontificis
959 1375 1064 1458 iunge

106 1507 129 1544 Ι.
145 1458 241 1535 batur,
264 1465 327 1519 turn
343 1457 425 1538 quod
441 1461 530 1520 etiam
548 1461 706 1520 verissime
729 1459 811 1521 diota
834 1466 976 1542 oporteat
996 1477 1066 1518 oum

143 1541 313 1602 humilitate
334 1550 366 1602 et
386 1544 496 1604 timore
513 1561 650 1604 asserere
673 1549 704 1603 et
726 1544 812 1604 tueri.

202 1625 342 1686 Priorem
354 1644 427 1687 vero
450 1625 525 1686 nihil
545 1626 636 1686 refert
658 1632 725 1686 utut
745 1627 910 1708 acceperis,
933 1643 1004 1686 narn
1032 1625 1065 1686 in

142 1709 209 1786 ipsa
231 1707 348 1768 nulium
370 1708 538 1790 perieulum
561 1717 627 1786 est¹
651 1715 712 1770 stet
733 1710 798 1770 sive
820 1709 920 1790 eadat,
941 1727 1000 1769 neo
1020 1707 1064 1770 in·

92 1795 93 1802 ’
142 1790 307 1873 dulgentiis
329 1791 483 1872 quippiam
506 1791 646 1871 accedit,
669 1793 694 1852 si
716 1791 788 1853 fleta
809 1811 847 1854 ao
867 1792 945 1854 falsa
966 1791 1066 1870 fuerit,

141 1893 198 1935 nee
222 1873 386 1954 quidquam
409 1873 540 1954 decedit,
563 1875 588 1934 si
610 1876 865 1958 vioeritveraque
881 1875 980 1937 fuerit.
1001 1873 1068 1936 Neo

92 1961 93 1986 ³
140 1955 178 2016 ad
200 1975 267 2018 rem
288 1958 387 2038 ipsam
410 1958 537 2018 muitum
558 1959 711 2040 pertinet,
740 1957 798 2018 nisi
820 1957 903 2039 quod
925 1977 981 2038 per
1002 1959 1067 2018 eius

92 2043 94 2068 ³
138 2041 314 2122 ingressum
326 2039 456 2101 subdote
475 2041 569 2101 totius
581 2039 797 2122 disputationis
811 2041 964 2105 calumnia
975 2054 1067 2120 quae·

92 2119 95 2155 ¹
138 2123 234 2187 ritur.‘
267 2122 345 2185 Nam
374 2123 399 2183 si
421 2123 579 2205 superbius
601 2125 769 2186 voluissem
792 2143 905 2207 agere,
926 2139 990 2185 non
1012 2139 1066 2207 po·

92 2206 101 2235 ”
138 2209 268 2267 tuissem
290 2206 329 2267 ad
351 2226 444 2267 unum
466 2206 592 2269 verbum
615 2210 695 2291 oogi,
718 2227 786 2268 oum
810 2217 876 2270 tota
898 2206 1065 2288 disputatio

93 2286 95 2359 ῗ
137 2291 201 2351 iam
227 2290 266 2349 sit
287 2288 429 2351 dedicata
451 2298 481 2351 et
503 2291 607 2352 oblata
629 2290 788 2373 pontiflci,
816 2292 860 2352 ita
887 2297 920 2350 nt
952 2288 991 2350 ad
1019 2308 1068 2349 me

93 2372 96 2409 ²
137 2372 272 2455 amplius
294 2372 369 2435 nihil
390 2375 562 2455 pertineat,
590 2376 648 2433 nisi
669 2382 851 2455 exspectare
874 2373 1068 2434 sententiam.

93 2456 95 2491 ³
202 2458 236 2516 ln
257 2456 430 2537 posteriore
441 2474 514 2517 vero
531 2458 735 2539 responsione
752 2464 834 2518 uerte
853 2474 973 2517 summa
994 2473 1066 2537 pen-

93 2539 97 2577 *
136 2538 193 2600 det
216 2538 331 2604 salutis.
368 2538 438 2599 Non
461 2556 494 2599 es
517 2541 614 2600 malus
639 2540 846 2620 Christianus,
883 2541 950 2601 sive
980 2541 1069 2621 soias‘,

93 2624 95 2659 ί
136 2625 207 2683 aive
230 2624 354 2705 ignores
367 2620 638 2704 Extravagantem,
661 2644 724 2684 non
747 2642 780 2684 es
802 2629 903 2685 autem
925 2623 984 2683 nisi
996 2622 1066 2683 hae·

93 2708 97 2745 i
136 2708 271 2785 retious,
298 2706 324 2765 si
345 2724 440 2787 neges
462 2704 555 2780 fidem
578 2706 662 2767 verbi
684 2706 804 2767 Christi.
828 2704 907 2783 Quid
929 2705 979 2767 hic
1000 2725 1067 2787 pre·

141 2808 229 2850 marn
258 2794 289 2848 et
309 2794 444 2869 taoeam,
481 2790 573 2851 oredo
597 2796 627 2851 te
661 2792 791 2871 sentire,
822 2792 938 2871 optime
960 2788 1079 2868 leotor,'

93 2874 97 2913 ¹
144 2874 212 2933 non
236 2872 303 2931 sine
325 2872 451 2953 gemitu.
899 2941 903 2949 Ι

227 2952 329 3015 Unum
351 2963 454 3017 tamen
485 2962 516 3015 te
537 2956 633 3017 latere
655 2976 717 3017 non
740 2956 830 3036 volo,
858 2955 917 3017 has
938 2953 1070 3044 disputa

93 3042 96 3081 ὲ
136 3040 230 3099 tione
249 3036 325 3097 nihil
347 3038 471 3119 quaeri,
501 3056 591 3118 quarn
614 3040 752 3099 sincerae
774 3039 806 3119 ³)
840 3039 1007 3119 scripturae
1027 3038 1070 3098 in·

94 3128 97 3197 ²!
136 3120 356 3202 telligentiam‚
384 3138 475 3199 quam
497 3121 585 3182 nobis
616 3123 647 3183 in
672 3122 775 3182 multis
797 3121 876 3183 loeis
899 3120 1069 3200 sensilia,

94 3200 96 3249 i
136 3210 177 3265 ut
199 3211 330 3281 vocant,
353 3202 507 3283 Decreta,
531 3205 556 3263 si
580 3222 642 3265 non
666 3212 880 3285 corrumpunt,
904 3211 986 3265 certe
1004 3222 1069 3263 ver

94 3294 97 3331 i
135 3288 190 3349 bis
214 3284 347 3347 'detortis
381 3304 419 3347 ao
440 3286 520 3347 male
549 3289 687 3349 aestatis
710 3288 889 3367 obscurant,
928 3293 959 3347 et
987 3286 1071 3346 velut

94 3378 97 3411 ⁷
136 3366 280 3431 obdnota
301 3366 383 3431 nube
400 3368 594 3450 purissimum
617 3372 716 3433 solem
740 3378 855 3453 tegunt.
875 3370 923 3430 De
935 3387 995 3450 quo
1018 3368 1071 3429 ali·

94 3462 96 3495 ⁵
137 3450 269 3532 quando
286 3450 387 3531 latius,
411 3453 436 3513 si
460 3452 569 3533 aliquis
588 3454 662 3517 mihi
685 3454 843 3516 Romanus
855 3452 997 3513 adulator
1018 3450 1069 3513 ob-

94 3544 97 3583 ÷
137 3538 317 3617 strepuerit,
338 3534 502 3617 praestabo
525 3536 591 3598 Deo
613 3538 747 3619 propitio
769 3535 922 3617 quendam
943 3533 1082 3596 Jnristo·¹

218 3767 248 3837 1)
268 3768 301 3821 In
319 3768 362 3823 ed.
388 3771 488 3838 origin.
519 3767 626 3837 (Witt.)
660 3768 760 3821 desunt
778 3769 878 3822 verba:
916 3767 949 3820 n.
967 3768 997 3823 1..
1015 3767 1085 3831 1³10*

134 3843 260 3895 Laetori.
315 3840 348 3907 2)
367 3839 457 3895 Ibid.:
476 3840 567 3893 istum.
605 3839 636 3908 3)
658 3839 741 3893 thiu:
759 3841 903 3893 sincerum.

169 3946 262 3988 aunon
275 3956 326 3995 opp.
340 3946 367 3989 a.
381 3926 451 3988 nisu
464 3944 504 3985 rsa
519 3943 569 3985 uss.
582 3941 597 3983 1.
611 3953 633 3992 p.
647 3942 699 3984 vu.
714 3943 743 3983 ιι
840 3946 880 4007 25
