2600 4300
236 325 301 393 roo
501 328 661 399 ιρμιιιιο
678 328 714 389 o.
731 330 810 389 ιιιιι.
829 329 908 385 ssu.
1030 291 1033 295 ’

238 494 428 577 telinense
448 498 633 562 meritorius·
650 505 736 577 sunt,
770 500 815 563 ite
848 506 893 561 ut
912 499 982 563 sine
1002 497 1049 561 his
1076 494 1161 561 nihi·

238 578 371 640 lominus
394 579 526 641 enclesis
548 579 660 641 Christi
691 580 771 643 bene
802 588 834 643 et
865 580 946 644 forte
975 579 1084 641 melius
1106 579 1161 641 hu-

237 663 334 742 bsret,
354 661 552 744 pluribusque
572 664 689 731 meritis
715 672 812 746 (quae
833 664 980 747 perillus
1001 664 1162 725 remittun-

237 752 302 816 tur)
327 744 405 807 solvi
433 744 542 811 flerent
570 744 694 827 fideles,
728 749 791 814 imo
826 766 974 830 expresse
1005 748 1163 809 luteuubrr

238 826 401 907 duotores,
432 830 525 891 etiem
548 829 747 913 Subolestioi,
785 831 893 895 melius
927 850 998 893 esse
1033 848 1091 910 per
1128 848 1164 889 se

240 913 339 991 ipsum
361 911 546 991 subsistere,
567 930 659 992 quum
682 913 888 995 indulgentius
910 912 1072 979 redimere.

320 992 440 1055 Deinde
459 997 505 1058 sie
526 994 695 1076 disputavi,
727 1004 761 1059 ut
791 1005 889 1059 toturn
920 998 1003 1059 huno
1023 994 1163 1075 dispute-

239 1078 355 1141 tionem
376 1076 588 1141 submitterem
610 1098 673 1141 non
688 1080 788 1141 solum
804 1079 975 1159 mussas,
987 1078 1043 1141 sed
1066 1078 1162 1141 etium

238 1160 385 1239 cuiusque
406 1160 514 1223 melius
536 1164 695 1223 sentientis
725 1163 857 1243 iudicio,
890 1165 923 1225 in
949 1164 1054 1243 primis
1084 1178 1163 1221 uero

239 1243 434 1306 sanctissimo
456 1244 488 1304 in
510 1243 632 1306 Christo
653 1247 732 1326 petri
753 1252 784 1307 st
805 1246 931 1310 domino
953 1252 1085 1323 nostro,
1108 1242 1165 1303 do-

240 1326 323 1389 mino
345 1324 442 1387 Leoni
462 1326 501 1389 X.
523 1346 624 1409 pepse
644 1329 805 1408 moderno,
827 1330 912 1391 utin
934 1324 1069 1409 epistole
1092 1345 1165 1387 mes

239 1407 493 1474 Resolutionibus
513 1412 590 1471 meis
611 1413 781 1491 praemisse
808 1412 890 1473 olere
921 1416 1023 1491 petet,
1054 1428 1096 1471 eo
1119 1410 1164 1469 itu

241 1510 290 1558 res
303 1490 421 1571 dubins,
438 1492 559 1564 liberes,
582 1494 752 1573 opiniosus,
771 1514 837 1558 non
849 1492 1079 1570 determinatus,
1103 1510 1163 1551 neu

236 1576 428 1637 necessarius
458 1574 501 1635 sd
531 1575 661 1637 sulutem
694 1578 821 1639 meteri
843 1575 1019 1657 disputandi
1047 1576 1162 1657 gretie,

238 1665 272 1718 ut
292 1657 377 1717 nulle
396 1677 522 1737 prorsus
540 1677 609 1721 esse
629 1662 730 1738 possit
750 1662 830 1724 iuste
851 1679 944 1723 usust
965 1667 997 1721 et
1031 1658 1161 1719 oseneio

238 1739 352 1803 silendi
373 1760 424 1801 me
443 1749 497 1802 eut
517 1742 549 1803 in
571 1743 619 1803 ius
641 1742 790 1821 trahendi,
813 1749 844 1808 et
867 1744 974 1803 merito
998 1741 1160 1805 debuerim

238 1843 259 1887 n
290 1822 441 1885 molestiis
472 1825 565 1886 etium
598 1824 771 1887 invidorum
792 1832 829 1887 st
845 1825 1051 1907 malignorum
1075 1830 1161 1885 tutus

237 1914 270 1971 et
289 1908 410 1987 quietus
444 1906 542 1968 videri
565 1906 833 1987 (quondoquidem
864 1907 903 1969 de
935 1908 1026 1972 rebus
1058 1906 1160 1981 se‘riis,

237 1991 429 2068 neressmiis,
450 1988 560 2051 divinis
582 1990 773 2071 disputantes
795 1992 893 2053 sesuri
915 1996 1017 2066 sunt).

322 2072 526 2135 Nihilominus
557 2073 683 2154 quidem
719 2088 915 2135 mummonee
956 2075 1092 2135 uultures
1127 2079 1160 2131 et

242 2158 319 2222 lueri
340 2157 494 2237 munoipie
514 2158 667 2237 inquiete,
700 2159 731 2220 in
752 2157 863 2220 ovibus
886 2157 997 2218 Christi
1018 2176 1082 2218 non
1106 2175 1159 2236 ps·

241 2259 332 2317 sous,
363 2239 419 2300 sed
450 2241 499 2303 iso
520 2247 552 2301 et
585 2241 686 2308 lerum
706 2239 930 2312 „untummodo
961 2247 1158 2320 quaerentes,

243 2325 456 2402 timentesque,
479 2342 518 2382 ne
539 2324 627 2384 huius
637 2317 855 2404 disputationis
872 2325 1037 2384 oeoosione
1050 2320 1158 2384 fideles

243 2407 356 2468 Christi
376 2423 483 2468 eorum
504 2405 643 2468 luoroses
656 2415 695 2468 et
716 2408 909 2471 avarissimus
921 2405 1047 2468 insidias
1069 2405 1158 2466 intel-

243 2490 384 2571 ligerent,
404 2507 443 2548 eo
463 2489 509 2549 sie
530 2497 674 2568 quaestus
695 2492 846 2572 ipsorum,
870 2490 948 2550 sieut
968 2489 1079 2570 diguus
1103 2495 1159 2564 est,

243 2572 378 2637 funditus
398 2573 525 2653 periret,
557 2581 740 2636 exeruerunt
774 2575 853 2636 siout
883 2573 963 2654 ignis
992 2573 1025 2632 in
1052 2572 1159 2652 spinis.

244 2656 347 2736 Atque
379 2674 450 2716 oum
478 2657 536 2735 ipsi
564 2657 609 2716 sie
629 2655 836 2738 indulgentius
858 2675 921 2716 non
944 2655 1043 2718 solum
1065 2653 1159 2714 indis-

244 2744 339 2819 erete,
360 2739 416 2800 sed
440 2745 472 2807 et
491 2738 630 2818 subdole,
653 2741 684 2803 in
698 2739 833 2802 fraudem
848 2740 1016 2800 animarum
1035 2756 1159 2817 quoque

243 2842 282 2889 se
301 2821 539 2902 longarumque
561 2841 581 2883 e
602 2828 705 2884 mente
725 2823 835 2884 summi
857 2821 1029 2902 pontifinis,
1051 2821 1160 2882 seems·

244 2925 304 2986 que
324 2916 444 2986 potrum
468 2903 612 2985 decretis,
631 2905 839 2985 proediosndo
859 2905 1045 2985 aberrarent,
1066 2904 1160 2964 etism

246 2989 307 3051 boo
328 2988 608 3067 melisdieoerunt,
630 2995 663 3048 ut
682 2988 799 3050 frivolis
821 2987 1003 3069 quibusdem
1024 2993 1056 3048 et
1076 3006 1160 3046 men·

246 3071 371 3134 ducibus
393 3071 616 3146 delationibus,
637 3091 694 3152 pro
717 3073 845 3134 sveritiu
867 3091 923 3135 sue
944 3077 976 3134 et
997 3068 1160 3152 lyrnnnide

244 3155 340 3234 impie
360 3153 542 3234 oolorundu,
575 3153 727 3217 udeo'me
748 3155 829 3236 spud
857 3154 1086 3216 tenutissimum
1108 3151 1159 3214 do·

246 3239 362 3300 minum
381 3243 539 3315 nostrum,
569 3237 727 3298 dominum
749 3237 883 3300 Leonem
906 3237 942 3302 X.
963 3236 1079 3316 Pupam
1103 3243 1158 3298 ete.

247 3328 279 3382 st
298 3321 443 3380 eximium
470 3321 567 3380 virum
598 3321 755 3383 dominum
778 3321 937 3382 Martinum
966 3319 1006 3380 de
1027 3318 1159 3380 Perusiis

247 3422 321 3464 suse
353 3404 523 3462 senetitntis
546 3402 779 3473 Procuratorem
800 3402 936 3464 fisoslern
957 3401 1160 3466 foedaverunt

247 3483 440 3560 etl-odiosum
462 3485 608 3564 feserunt,
628 3493 661 3546 et
681 3485 804 3546 tundent
827 3483 1015 3550 enseueruut
1036 3492 1068 3546 et
1090 3487 1159 3546 exe-

173 3624 177 3628 r
248 3573 462 3645 speraverunt,
489 3575 522 3626 ιιι
543 3566 642 3627 dietus
664 3567 700 3629 D.
723 3569 870 3629 Martinus
892 3567 931 3630 ed
953 3569 1156 3649 importunum

248 3662 354 3704 eorum
374 3648 563 3726 instantiam,
586 3668 710 3712 causum
731 3657 840 3712 oontrs
860 3671 925 3730 me,
953 3657 1099 3730 tanquam
1122 3650 1158 3710 de

139 3775 144 3788 ,
247 3722 366 3785 haeresi
387 3735 580 3810 suspectum,
611 3737 643 3793 et
674 3734 704 3792 in
743 3734 970 3796 ecclesiastieae
996 3735 1157 3814 potestatis

248 3803 401 3886 iniurium,
423 3811 673 3894 vilipensionem,
694 3813 946 3897 diminutionem,
967 3815 1157 3896 oleviumque
