2600 4300
373 320 418 392 a
433 322 534 385 aaa
549 321 795 401 armatura.
994 320 1055 393 iai
1135 280 1138 289 ’

142 501 223 557 natur
242 497 274 555 in
296 496 422 559 homino
443 504 560 577 quanto
591 504 732 578 tempora
759 498 835 561 vivit
861 503 920 559 ata.
963 495 1055 572 Quod

142 597 202 638 oum
223 579 385 657 apostolus
407 579 538 661 delego
564 580 670 641 divina
690 582 922 661 interpretetur,
958 578 1055 641 multo

140 661 230 740 nagia
258 680 366 723 varum
399 671 448 725 aat
475 663 515 723 da
541 662 613 743 laga
639 663 783 725 humana.
825 661 915 726 Unde
940 660 1055 723 ibidem

140 742 221 803 dicit:
258 742 338 805 Cum
358 752 496 807 mortuus
517 746 608 805 fiterit
627 747 675 807 vir
695 746 778 823 eiua,
800 744 902 807 nolula
923 750 971 805 eat
991 762 1056 807 mu-

139 826 189 887 lier
208 844 228 885 a
248 826 323 907 laga
343 829 410 889 viri.
452 827 548 888 Multo
572 829 670 908 magia
692 830 759 908 ipsa
780 834 919 889 mortuus
942 834 991 887 aat
1009 846 1058 887 ao-

138 909 210 968 lutua
233 909 348 990 alege
368 912 473 971 uxoria
495 911 635 975 viventia.
678 911 788 991 Arguit
803 912 884 971 enim
907 929 927 969 a
948 910 1058 971 minori

139 991 315 1070 apostolus:
354 992 387 1054 ai
413 994 501 1054 vivna
528 992 659 1053 solvitur
687 1011 742 1072 par
769 1000 901 1053 mortem
922 992 1058 1061 uterina,

139 1073 226 1134 multo
248 1075 351 1155 magia
372 1075 441 1155 ipsa
461 1081 616 1146 mortuus,
637 1075 939 1155 perquamaolvitur
960 1075 1056 1135 vimis.

211 1154 376 1235 Secundo,
413 1157 500 1237 legaa
529 1160 700 1219 canonicae
727 1164 799 1219 aunt
826 1156 971 1237 alligatae
1003 1158 1058 1217 oir-

142 1240 498 1319 aumatantiiatamporia,
521 1240 594 1316 looi,
614 1260 827 1319 personarum,
850 1241 928 1301 ainut
950 1257 1058 1301 omnen

138 1320 210 1381 nliaa
232 1322 323 1401 leges
368 1324 514 1398 ositivae,
544 1322 614 1382 diat.
636 1323 734 1385 XXIX
770 1326 821 1399 (ut
842 1322 983 1383 omnibus
1005 1340 1059 1383 no·

139 1411 195 1463 turn
216 1410 303 1483 ast),
354 1424 373 1465 a
399 1405 468 1465 aolo
490 1406 572 1465 enim
594 1405 689 1467 verbo
713 1404 825 1467 christi
851 1404 965 1465 dietum
996 1410 1057 1465 aot:

140 1488 167 1545 ln
184 1494 363 1564 aetornum,
392 1488 540 1564 Domine,
571 1495 733 1567 permanet
754 1486 881 1549 verbum
903 1493 1006 1565 tunm,
1026 1487 1058 1547 in

140 1568 268 1629 aeonium
297 1568 396 1629 seculi
422 1572 535 1629 veritas
558 1577 619 1629 tna.
662 1569 703 1629 Et
725 1571 841 1631 iustitia
861 1571 933 1631 aius
957 1576 1060 1631 manat

140 1652 165 1709 in
184 1651 322 1714 sacillum
345 1651 451 1715 saculi
491 1651 626 1715 Verbum
648 1659 753 1715 autem
777 1659 808 1715 et
829 1653 942 1715 iustitia
963 1651 1058 1713 homi-

141 1752 203 1793 num
224 1740 334 1805 manat
353 1733 393 1795 ad
415 1742 535 1814 tampua
559 1733 728 1812 duntaxat,
756 1753 850 1814 quara
879 1735 937 1797 illio
961 1742 1057 1797 muta·

143 1816 174 1875 tia
194 1824 320 1878 oeaaant
342 1823 373 1877 et
398 1817 495 1896 legas.
538 1816 604 1877 Nisi
626 1817 790 1879 dioandum
814 1824 877 1896 eat,
901 1817 985 1897 quod
1006 1836 1057 1879 va

142 1906 212 1959 alata
240 1900 367 1960 civitate
398 1899 499 1959 adhuo
525 1901 593 1979 ipae
623 1900 711 1960 loona
745 1898 884 1961 desertus
919 1907 1060 1961 teneatur

143 1979 310 2123 ⁸&an
332 2000 412 2061 quae
431 1984 515 2061 priua
536 1982 670 2045 faciebat
692 1982 810 2061 oivitao,
832 1981 917 2062 quod
939 1990 986 2043 aat
1007 1981 1059 2044 ab·

143 2083 155 2121 a
206 2082 266 2125 um.
1043 2084 1051 2094 ·

214 2146 343 2227 Tertio,
370 2149 396 2208 ai
416 2149 464 2213 iua
485 2150 585 2229 dogit,
611 2151 705 2210 etiam
734 2169 803 2210 oum
824 2149 996 2212 viventibus
1018 2146 1061 2210 di-

146 2249 302 2312 apanaare,
331 2237 362 2292 et
382 2231 483 2311 legem
504 2239 641 2310 mutare,
670 2231 793 2310 quando
822 2231 900 2312 legia
923 2231 1060 2294 conditio

146 2320 235 2372 emant
261 2313 316 2373 vel
347 2315 380 2374 in
402 2311 489 2393 peina
510 2315 634 2394 vergit,
662 2331 731 2374 oum
761 2318 814 2389 (ut
836 2315 845 2353 ¹
854 2327 866 2390 )
889 2313 952 2377 Lao
974 2313 1060 2394 Papa

148 2393 226 2475 linit)
253 2415 321 2458 non
346 2395 439 2456 debet
467 2404 578 2458 contra
607 2397 767 2458 caritatem
788 2397 938 2475 militare,
974 2395 1057 2475 quod

147 2496 193 2555 pro
213 2480 341 2538 oaritata
362 2485 507 2539 statutum
521 2487 578 2556 eat,
599 2480 642 2540 ita
652 2487 745 2557 uerte,
768 2479 850 2558 quod
863 2487 972 2542 aontm
994 2481 1059 2540 uni-

148 2566 240 2635 tatam,
262 2579 374 2641 paoem
396 2568 455 2627 eta.
477 2562 616 2641 coeperit
644 2562 784 2622 militare.
814 2560 937 2636 Quanto
961 2563 1059 2644 magia

149 2644 288 2705 morituris
311 2643 396 2724 leget
418 2651 489 2704 aunt
508 2643 674 2722 tollendae,
696 2663 765 2704 num
786 2663 849 2706 non
871 2644 971 2706 solum
994 2663 1059 2708 aaa·

149 2731 189 2783 aet
206 2724 246 2786 ibi
266 2725 406 2788 conditio
428 2726 540 2806 legum,
562 2726 618 2787 aed
639 2728 708 2806 ipae
725 2745 859 2808 quoque,
881 2728 930 2788 oui
951 2735 983 2790 at
997 2729 1059 2790 uui·

151 2807 189 2866 ina
208 2808 436 2873 conditionibus
453 2810 575 2888 positae
597 2807 726 2871 fuerunt.

220 2889 351 2968 Quarto,
373 2911 412 2952 ex
431 2891 508 2970 ipsis
524 2891 624 2952 verbis
646 2892 743 2972 legia,
775 2893 807 2956 in
829 2892 940 2972 quibua
961 2893 1059 2973 expri-

154 2980 258 3035 munmr
280 2974 363 3034 alara
385 2973 451 3035 diea
473 2983 505 3034 at
525 2975 608 3052 anni,
629 2976 793 3054 ieiunium,
814 2975 954 3057 vigiliae,
976 2975 1059 3040 labu-

153 3072 207 3135 raa,
236 3057 501 3136 peregrinationes
521 3063 580 3116 eto.
602 3075 682 3135 qnae
703 3058 896 3123 manifestum
921 3065 969 3120 eat
991 3077 1060 3120 aare

153 3133 227 3198 huius
247 3140 331 3200 vitae
351 3146 383 3200 at
404 3158 460 3218 per
480 3147 611 3202 mortem
629 3158 761 3218 cessare,
784 3139 835 3202 nbi
856 3140 951 3204 homo
967 3140 1060 3222 longa

155 3218 283 3282 inaliam
301 3223 395 3284 vitnm
418 3223 548 3302 migrat,
571 3222 621 3282 ubi
643 3242 701 3284 neo
722 3224 848 3302 ieiunat,
870 3241 928 3284 nea
950 3222 1060 3302 plorat,

156 3319 202 3362 neu
220 3303 370 3382 eomedit,
392 3323 451 3364 neo
473 3304 600 3382 dormit,
623 3312 657 3365 ut
671 3307 723 3385 qui
745 3325 807 3368 non
829 3304 923 3368 habat
938 3323 1059 3384 oorpua.

157 3381 216 3446 lude
233 3386 392 3449 lohannea
414 3386 536 3450 Geraon
557 3387 706 3458 damnare
739 3387 832 3450 audet
852 3387 1068 3472 indulgentias·

157 3467 228 3531 titulo
249 3471 414 3532 multorum
437 3470 553 3530 milium
575 3489 724 3532 annorum
748 3470 895 3548 donataa,
923 3479 957 3530 ut
986 3471 1060 3532 mihi

159 3550 316 3620 minantum
339 3555 388 3631 ait,
410 3551 555 3631 quidnam
574 3553 721 3616 aoniderit
736 3553 910 3614 haereticae
931 3553 1061 3633 pravita-

160 3631 444 3716 fiainquiaitoribna,
473 3642 507 3696 ut
533 3635 616 3697 huno
642 3635 693 3697 vel
715 3642 866 3698 mortuum
894 3653 959 3698 non
980 3652 1061 3696 aorn-

174 3741 393 3752 Μαι-ι
405 3745 420 3749 --
431 3745 446 3750 --
455 3743 516 3749 ——a-
545 3743 556 3749 ι-

216 3808 243 3879 1)
263 3808 335 3865 Ibid.
356 3809 449 3864 deeat:
469 3817 509 3864 ut

180 3911 257 3957 imai
269 3925 321 3967 opp.
335 3915 363 3959 v.
376 3914 404 3955 a
418 3913 449 3955 aa
461 3913 502 3955 rat
516 3913 567 3957 ura
582 3915 597 3954 ι.
613 3923 636 3963 p.
652 3912 741 3955 roan.
856 3913 895 3978 11
