2600 4300
239 332 307 401 *140
490 338 686 392 Rasolotiones
706 338 812 407 Dispst:
832 338 909 392 Loth.

242 508 342 568 tinent
367 506 407 568 ad
429 526 515 584 eom,
543 507 647 588 quood
675 516 789 571 oertum
820 510 945 572 modum
973 516 1005 571 et
1032 515 1170 589 tempus,

241 589 410 651 seeundum
433 591 662 671 quodeeolesis
676 592 872 673 ordinaverit,
893 592 1041 654 videlieet
1065 608 1171 671 quam·

242 673 294 735 diu
316 674 354 733 sit
376 674 536 754 orandum,
557 676 765 754 ieiunandum,
788 676 938 753 dandum,
960 678 1048 753 item,
1075 693 1171 754 quan·

242 763 305 816 tum
327 762 359 817 st
381 756 452 835 quid
472 757 638 834 orandum,
659 766 805 837 quantum
829 768 860 820 et
882 759 953 839 quid
976 778 1042 820 non
1067 776 1173 819 eome-

241 838 387 915 dendnm,
409 849 553 919 quantum
576 842 699 921 etquid
722 842 864 905 dandum.
931 868 934 875 ·

325 922 437 983 Verum
461 931 493 982 ιιι
513 933 584 983 suut
604 924 643 985 de
665 926 844 1006 evangeliea
866 926 1074 1007 poenitentis,
1097 924 1173 983 ieiu-

242 1006 325 1065 nium
347 1004 442 1067 habet
462 1006 492 1065 in
515 1025 549 1066 se
571 1026 680 1067 omnes
701 1010 921 1089 castigationes
950 1008 1072 1085 earnis,
1104 1007 1172 1066 sine

242 1087 362 1152 deleotu
385 1088 533 1166 sibonum,
555 1096 610 1149 aut
625 1088 797 1152 differentis
810 1094 951 1170 vestium,
975 1091 1081 1152 oratio
1096 1108 1172 1150 vero

242 1190 335 1233 omne
356 1170 488 1231 studium
505 1174 600 1234 animi
620 1173 809 1253 meditando,
831 1174 976 1256 legendo,
998 1172 1172 1251 audiendo,

242 1254 377 1332 orendo,
412 1254 613 1335 eleemosyna
648 1274 723 1317 vero
759 1276 852 1317 omne
879 1258 1066 1337 obsequium
1098 1274 1173 1336 erge

241 1336 425 1417 proximum,
446 1344 481 1397 ut
500 1339 544 1398 ita
564 1358 619 1417 per
640 1340 784 1399 ieiunium
800 1340 858 1401 sibi
874 1342 997 1418 serviet,
1018 1360 1081 1421 per
1104 1358 1172 1399 ors·

241 1420 358 1480 nonem
386 1420 471 1498 Deo,
503 1429 537 1481 et
571 1440 628 1502 per
651 1423 883 1503 eleemosynam
914 1425 1082 1505 proximo,
1117 1442 1173 1502 per

240 1503 370 1582 primum
398 1499 513 1564 'vineat
541 1506 824 1585 eononpisesntiam
857 1508 973 1585 earnis,
1016 1513 1051 1567 et
1086 1506 1173 1565 vivat

241 1584 344 1645 sobrie
365 1594 397 1645 et
418 1594 521 1663 ooste,
550 1606 605 1666 per
631 1588 798 1652 seeundum
826 1589 1000 1671 superbiam
1028 1590 1119 1649 vitae
1143 1594 1173 1648 et

242 1669 327 1728 vivat
347 1669 405 1747 pie,
428 1688 483 1749 per
503 1672 625 1731 tertium
638 1674 918 1751 oououpisoentism
938 1671 1118 1743 (mulorum,
1142 1678 1172 1730 et

242 1752 325 1810 vivat
345 1752 424 1811 iuste
446 1753 476 1811 iu
499 1752 560 1813 hoo
581 1754 697 1814 seonlo.
741 1754 843 1829 Quare
869 1775 977 1818 omnes
999 1753 1170 1815 mortifice-

241 1835 351 1911 tiones‚
374 1852 450 1913 quas
472 1834 565 1896 homo
589 1846 792 1917 oompunotus
814 1839 870 1900 sibi
893 1838 997 1916 infert,
1028 1844 1108 1899 sunt
1130 1837 1168 1897 de

241 1918 431 1997 poenitentia
444 1918 599 1998 interiore,
621 1928 766 2001 tanquam
784 1922 897 1985 fruetus
917 1923 992 1999 eius,
1014 1922 1085 1981 sive
1108 1921 1170 1979 sint

242 1999 380 2081 vigiliae,
408 2000 546 2080 labores,
573 2004 713 2083 inopiae,
736 2004 850 2084 studia,
884 2006 1057 2081 orationes,
1094 2003 1167 2084 fuga

241 2102 334 2143 sexus
350 2101 387 2142 so
399 2082 586 2164 delioisrum,
608 2087 637 2145 in
655 2094 800 2166 quantum
815 2094 998 2168 promovent
1012 2087 1167 2168 spiritum.

320 2166 473 2245 Seoundo,
496 2169 541 2228 sie
560 2171 694 2249 ipsemet
716 2172 779 2252 egit
799 2171 963 2250 Dominus,
996 2179 1028 2232 et
1052 2189 1165 2231 omnes

238 2250 334 2308 ssnoti
367 2251 432 2310 eius
465 2270 534 2310 oum
572 2271 621 2314 eo.
677 2252 728 2314 Sio
767 2253 898 2334 denique
938 2255 1102 2336 praeoepit
1117 2253 1166 2330 *ιε

237 2331 351 2392 Luceat
365 2332 418 2391 lux
435 2341 537 2394 vestre
549 2353 653 2395 oorsm
668 2335 852 2417 hominibus,
874 2343 908 2399 ut
920 2337 1048 2398 videant
1058 2342 1164 2396 vestra

237 2414 321 2479 bons
342 2434 447 2495 opera.
475 2416 554 2476 Nom
576 2417 643 2480 sine
665 2417 758 2480 dubio
783 2439 879 2499 opera
897 2420 1067 2482 bonsforis
1092 2426 1163 2479 eunt

238 2497 353 2558 fruetus
382 2499 591 2577 poeniteutiae
618 2509 648 2560 et
677 2503 815 2582 spiritus,
845 2521 913 2562 oum
946 2503 1071 2583 spiritus
1099 2521 1162 2562 non

238 2578 331 2640 locist
352 2583 409 2640 nisi
431 2599 540 2642 vooem
563 2585 701 2660 umoris,
729 2584 759 2644 id
790 2593 850 2664 est,
878 2587 1024 2666 gemitum
1048 2585 1161 2662 sordis,

236 2661 371 2723 radioem
393 2683 521 2743 operum
543 2665 703 2728 bonorum.
915 2682 917 2686 ’

317 2745 477 2808 Adversus
490 2748 546 2808 hes
568 2756 630 2808 tres
643 2769 729 2809 meas
742 2750 956 2812 oonolusiones
970 2750 1094 2830 quidam
1104 2749 1158 2827 ”J

237 2828 430 2910 indignatus,
461 2837 493 2892 et
514 2829 570 2891 sub
592 2832 675 2912 pelle
698 2833 795 2893 leonis
817 2833 964 2894 incedens
983 2835 1089 2914 posuit
1110 2833 1158 2894 de·

238 2912 392 2973 blaterans
415 2933 549 2974 errorem
572 2933 661 2996 esse,
679 2915 704 2975 si
727 2917 794 2994 quis
814 2916 942 2976 verbum
965 2916 1058 2995 illud,
1087 2935 1159 2996 poe-

238 2996 376 3073 nitentia,
399 2999 558 3077 negaverit
578 2999 670 3058 etism
692 2998 731 3058 do
744 3006 936 3060 sacramento
949 3001 1158 3079 poeniteutiae

237 3078 375 3159 intelligi.
418 3079 567 3156 Primum,
598 3100 660 3140 non
694 3089 742 3142 est
763 3083 952 3162 propositum
977 3101 1078 3143 meum
1101 3083 1157 3142 sin-

237 3161 326 3242 gulas
343 3162 414 3221 eius
436 3163 608 3242 positiones
630 3164 798 3240 oonfutsr'e,
821 3183 900 3244 quae
922 3173 992 3225 sunt
1013 3164 1093 3225 adeo
1115 3166 1156 3234 in·

238 3245 321 3304 sulse
343 3251 374 3304 et
394 3243 519 3305 indoote
541 3248 745 3326 compositae,
767 3256 800 3308 ιιι
814 3247 886 3307 mihi
907 3247 1097 3328 impossibile
1120 3249 1157 3307 sit

237 3328 365 3404 oreditu,
388 3327 545 3388 easfuisse
561 3329 743 3409 intellectas,
767 3337 827 3392 tam
841 3330 879 3392 ab
892 3349 941 3408 eo,
963 3332 1049 3392 ouius
1071 3330 1154 3391 titulo

237 3412 418 3492 vulgentur,
451 3429 542 3490 quem
570 3412 609 3472 sb
639 3431 693 3490 eo,
730 3415 780 3492 qui
803 3431 855 3474 eas
878 3411 1041 3486 conflavit,
1076 3414 1153 3494 quod

238 3502 271 3554 et
289 3495 410 3572 suique
443 3493 636 3556 mediooriter
670 3497 845 3576 ingenioso
868 3503 899 3557 ot
932 3497 963 3556 in
1000 3499 1154 3578 seripturis

239 3754 343 3875 meli
365 3755 457 3810 llstth.
476 3760 502 3814 5.
540 3761 589 3828 ⁸⁸)
608 3763 639 3811 ln
666 3759 802 3832 quendam
826 3761 1014 3833 blateronem,
1038 3763 1150 3816 Johsun.
