2600 4300
226 300 303 393 ’612
469 274 569 363 .''
633 291 772 383 mmor

238 514 332 583 caepe
367 498 440 561 mihi
473 498 662 564 mentionem
689 498 789 561 iecisti
817 502 849 560 et
878 510 976 580 nuper
1004 496 1157 581 exemplar

237 584 362 663 misisti,
399 582 483 664 quod
509 582 582 645 mihi
609 582 750 646 redeunti
776 580 989 664 tiurmbergne
1008 574 1157 643 redditum

237 660 293 728 luit
314 683 383 729 cum
397 714 400 718 .
413 666 481 729 aliis
502 666 598 729 literis
625 666 838 729 instructoriis.
879 664 960 727 llam
983 664 1159 727 incredibile

238 754 302 826 eet,
332 750 394 811 tale
424 750 497 833 qnid
522 751 686 811 monadia
720 764 839 811 summo
860 747 1011 830 pontifice
1049 748 1160 830 egredi,

145 898 150 909 Ι
237 833 417 915 praesertim
438 834 544 895 Leone
566 832 698 895 decimo.
742 831 815 893 ldeo
838 832 976 912 quiaquia
998 830 1055 893 ille
1076 832 1161 892 luerit

237 916 362 995 nebulo,
385 916 436 997 qui
457 916 513 978 tub
535 917 663 978 nomine
684 916 798 977 Leonia
820 914 932 977 decimi
955 914 1009 977 tali
1033 921 1160 977 meter·

237 1017 305 1061 rere
325 1002 488 1081 proposuit
508 998 654 1078 decreto,
676 998 829 1081 intelliget
850 1012 900 1059 me
920 1010 1016 1079 potae
1039 1012 1161 1078 quoque

237 1097 334 1165 nugae
355 1082 544 1165 intelligere3
568 1089 622 1143 ant
642 1083 668 1143 ei
690 1100 764 1143 vere
786 1082 878 1142 etiam
900 1083 1016 1143 acutia
1040 1096 1159 1142 emann

235 1166 290 1243 vit
311 1164 432 1227 docebo
455 1180 593 1227 eotenaa
614 1164 896 1247 impudentissimae
918 1164 1113 1225 temeritates
1133 1171 1162 1225 et

235 1248 455 1328 iniquiaeimam
477 1248 704 1331 ignorantiam“
729 1246 826 1328 (Epp.
847 1242 935 1309 Luth.
958 1247 1006 1309 ed.
1026 1246 1125 1308 Aurll'.
1140 1242 1161 1322 l,

238 1334 306 1410 100,
328 1330 367 1393 de
388 1329 527 1392 Wettel
553 1350 585 1411 p.
607 1332 698 1409 166).
741 1330 830 1391 Hanc
858 1328 1072 1393 Postillam
1103 1345 1161 1390 eu-

235 1433 303 1495 per
323 1412 446 1475 Breve
467 1413 615 1475 Luthema
637 1432 700 1475 una
721 1430 790 1474 cum
812 1412 921 1495 „Actia
942 1412 1025 1494 apud
1046 1412 1088 1475 D.
1111 1412 1161 1474 La

234 1502 339 1581 gotum
362 1498 575 1579 Apostolioum
593 1497 774 1579 Augustae“
795 1514 903 1558 menae
923 1496 1099 1557 Novembri
1120 1504 1160 1577 ty·

234 1580 282 1662 pie
303 1580 354 1640 vul
397 1581 450 1641 vit.
472 1579 595 1641 Interim
618 1579 648 1642 d.
672 1577 758 1641 XXV
779 1580 895 1641 menete
919 1578 1114 1661 Septembris
1135 1594 1160 1641 a.

236 1654 317 1728 1518
377 1669 464 1723 ector
492 1659 668 1740 (lohannes
691 1661 802 1724 Stoebe
825 1661 865 1725 de
885 1662 1073 1744 liningen),
1102 1662 1159 1724 lla

234 1746 320 1829 gistri
332 1756 364 1807 et
373 1744 525 1807 Doctores
535 1744 723 1807 Academiae
734 1744 1025 1829 Wittembergenaia
1034 1747 1157 1827 perepi-

186 1826 193 1839 ‘
234 1828 331 1890 atolaa
354 1826 394 1890 ad
415 1828 560 1890 Carolum
583 1826 622 1889 de
643 1828 752 1905 Miltii,
773 1827 926 1890 Nuncium
935 1828 1159 1911 Apostolicnm

236 1920 267 1971 ot
289 1910 423 1973 Leonem
446 1906 474 1972 X
496 1911 607 1973 Pontis.
631 1910 719 1972 datae
741 1911 1001 1991 interceeaerunt,
1024 1918 1159 1988 oranter,

233 2012 274 2055 ne
294 1992 443 2055 Lntheme
469 1994 601 2057 Romam
623 2012 657 2055 ae
684 1994 824 2055 conterre
846 2002 1033 2077 cogeretur,
1069 2001 1103 2057 et
1129 2000 1160 2054 nt

235 2088 345 2139 musta
379 2078 444 2139 eiua
471 2078 504 2138 in
525 2075 692 2139 Germania
724 2078 890 2139 commissa
915 2076 1070 2141 iudicibus
1099 2094 1157 2141 non

233 2163 384 2305 aEnltpttectia
406 2166 438 2306 gt
458 2161 534 2258 locis
557 2160 816 2320 tutigfauldiretulf.
838 2161 1159 2306 'hl’toelrpomisnigoiituf

274 2260 385 2306 ecorm
429 2263 562 2306 exoniae
645 2291 653 2304 .
707 2263 779 2304 oeae
803 2261 846 2305 err
898 2259 1005 2308 eorm.
1072 2261 1090 2304 c

233 2345 265 2410 p.
286 2328 365 2406 tta)
390 2331 422 2389 et
441 2326 488 2388 hie
501 2327 689 2388 Academiae
704 2327 993 2410 Wittcmbergeneie
1014 2328 1156 2408 precibus

234 2409 551 2488 concessitPontilex,
571 2416 606 2470 ut
627 2429 665 2470 ea
687 2427 796 2470 canosa
817 2411 848 2470 in
860 2409 1027 2472 Germania
1043 2423 1155 2492 cogno-

234 2501 385 2570 sceretur,
407 2491 479 2553 data
507 2491 661 2554 indicandi
690 2491 837 2554 facultate
854 2489 996 2554 Thomae
1025 2493 1066 2555 de
1088 2493 1155 2572 Vio,

120 2636 129 2652 ,
233 2573 388 2637 cardinali
411 2575 570 2653 Caietano,
591 2571 709 2657 Legato
732 2575 917 2656 apostolico,
940 2577 993 2658 qui
1016 2577 1155 2638 tuncAn·

232 2665 342 2800 ξυεῑαε
363 2656 483 2742 Vindel.
508 2667 581 2723 emt.
597 2657 762 2720 Luthcrum
784 2657 955 2721 Fridericne
977 2661 1049 2720 Dux
1069 2673 1154 2742 urge-

254 2747 296 2819 at,
323 2748 356 2802 ut
379 2757 482 2804 coram
506 2759 545 2803 eo
566 2739 633 2803 viro
658 2743 845 2818 resisteret,
868 2761 906 2803 ac
926 2742 1095 2804 dubitantia
1117 2742 1153 2803 de

234 2825 456 2905 competitione
493 2826 629 2886 animum
668 2821 809 2886 firmabat
845 2825 1055 2905 promittendo
1092 2839 1161 2887 non·

232 2925 448 2990 passurumne
482 2927 568 2984 esee,
600 2905 786 2969 utillimam
816 2905 987 2970 duceretur.
1029 2907 1151 2970 061661-

231 2990 352 3072 peravit
371 2988 520 3052 Luthema
542 2989 691 3072 Principis
725 2991 769 3050 eui
793 2992 934 3069 monitis,
968 2991 1065 3073 pedea
1096 2992 1152 3052 iter

233 3073 385 3152 suscepit,
421 3069 449 3133 d.
471 3073 536 3135 Vll.
564 3074 632 3136 Oct.
669 3073 840 3154 Augustam
872 3075 1014 3156 pervenit
1034 3073 1149 3136 Literla·

254 3175 294 3218 ue
316 3155 473 3236 Caesarie,
502 3175 579 3236 quaa
613 3155 691 3230 aalvi
721 3155 890 3218 conductus
922 3156 1095 3238 appellant,
1122 3155 1149 3217 d.

232 3173 272 3301 {l
308 3257 346 3299 m.
379 3231 447 3299 Oct.
484 3241 619 3320 acceptia
652 3237 846 3300 cardinalem
879 3239 965 3300 adire
998 3241 1148 3302 constituit

235 3318 291 3397 (cl.
314 3316 527 3383 Secltendorfii
548 3319 626 3382 Hist.
646 3319 735 3382 Luth.
765 3321 787 3382 1.
811 3321 891 3383 fleat.
914 3321 963 3388 17.
1001 3329 1028 3396 §.
1051 3324 1098 3388 36.
1120 3327 1148 3383 et

232 3398 396 3464 Loeacheri
416 3401 552 3467 Reform.
573 3403 653 3465 Acta
674 3403 700 3465 ll
722 3425 752 3484 p.
775 3406 836 3470 435
858 3409 956 3485 eqo).
989 3405 1069 3481 Quid
1089 3407 1145 3466 Au·

232 3491 341 3621 ffiretae
362 3486 441 3546 inter
460 3485 623 3546 Lutherom
646 3493 678 3546 et
699 3486 879 3548 Caietennm
903 3495 1004 3550 actum
1027 3489 1074 3569 alt,
1094 3488 1145 3548 lm·

267 3582 335 3624 erue
355 3567 423 3645 ipae
452 3569 545 3628 refert
577 3569 610 3628 in
631 3567 744 3630 Actia
775 3570 1039 3653 Augustianis,
1071 3585 1145 3652 qnae

234 3657 339 3704 menae
358 3647 525 3710 Novembri
547 3668 576 3712 a.
599 3651 680 3715 1518
701 3657 842 3713 exeunte
861 3654 942 3734 typla
962 3653 1107 3735 vulgavit.

314 3728 345 3784 ln
377 3727 534 3792 reddendo
565 3738 652 3794 texta
673 3735 874 3816 scriptorum,
907 3753 987 3816 quae
1007 3729 1047 3797 ad
1068 3736 1144 3797 hunc

232 3810 417 3870 conventum
439 3812 651 3892 Augustanum
671 3817 827 3904 pertinent
854 3830 955 3900 neque
975 3836 997 3880 a
1016 3818 1142 3881 liuthero
