2600 4300
246 304 308 371 126
520 308 553 363 D.
572 308 648 363 dart
668 307 777 363 Luthari
795 308 913 377 epistola

243 480 327 557 siae,
360 477 443 559 apud
464 478 663 541 Melchiorem
691 479 879 541 Lottherum.
899 528 903 535 .
922 480 1014 543 Anno
1041 481 1161 543 Domini

243 562 407 622 Millesimo
430 560 685 642 Quingenteaimo
709 562 828 623 decimo
851 582 945 627 nono.
967 565 996 626 4.

566 646 683 705 Panzer
704 646 783 707 Anu.
810 654 872 726 typ.
898 646 962 722 Vll,
986 665 1013 725 p.
1033 648 1120 719 206.)
1158 704 1161 710 .

326 726 359 786 In
382 726 558 789 collectioni
582 748 616 788 us
633 728 843 809 Opp.Lutheri
867 729 926 788 hae
948 728 1163 789 Resolutiones

243 808 366 870 latine
402 810 566 892 leguntur:
599 814 629 871 in
658 811 779 873 collect.
808 832 834 875 a.
862 815 938 875 1519
973 819 1004 871 et
1026 810 1163 871 Basileae

250 896 327 957 15:20
350 892 450 969 editis,
472 895 502 953 iu
525 894 595 956 coll.
620 894 766 956 Vittemb.
789 906 809 955 t.
835 899 860 973 l,
885 916 913 975 p.
938 898 996 957 102
1019 913 1108 973 sqq.,
1135 897 1163 952 in

243 976 314 1036 coll.
336 976 513 1053 leaenal,
535 997 564 1057 p.
592 980 631 1041 76
655 996 740 1057 sqq.,
774 979 1000 1057 germanice
1034 978 1066 1036 in
1098 976 1164 1036 coll.

242 1058 334 1204 Lips{³
357 1057 392 1120 T.
422 1058 505 1118 XVII
539 1080 568 1139 p.
594 1062 653 1140 29,
688 1063 718 1120 in
753 1061 824 1120 edit.
848 1058 979 1120 Welohii
1010 1060 1045 1122 Τ.
1071 1059 1165 1119 XVHl

265 1145 391 1205 ‚20³
436 1192 443 1205 .

243 1163 262 1222 p
326 1160 480 1303 Epidldlas
503 1224 625 1285 Lntheri
647 1224 686 1285 ad
710 1224 891 1307 Staupitium
916 1232 946 1285 et
968 1226 1007 1285 ad
1031 1224 1164 1285 Leonem

243 1306 269 1367 X
291 1304 379 1367 datas
401 1306 588 1367 reddidimus
612 1328 650 1368 ex
674 1308 809 1369 editione
830 1310 984 1387 principe,
1009 1326 1104 1389 quam
1124 1328 1165 1365 su-

205 1410 297 1469 tpra
320 1389 520 1468 laudavimus,
544 1391 706 1471 epistolam
729 1390 768 1450 a'd
789 1390 1022 1471 Hieronymum,
1048 1392 1165 1471 episco-

241 1471 1166 1637 ild,titillet&intulliset*diluit

162 1649 166 1658 “
240 1638 367 1699 Jenensi
391 1647 422 1699 et
443 1638 482 1699 de
498 1638 665 1699 Wettiona.
690 1638 925 1716 Adnotatioues,
948 1658 1026 1719 quas
1050 1638 1164 1699 addidi·

244 1742 322 1800 mus,
345 1744 384 1782 ex
408 1719 481 1783 edit.
502 1722 630 1782 lenensi
654 1714 725 1785 sunt
746 1722 907 1803 repetitae.

268 2050 272 2062 .
372 1876 743 2009 Reuerendissimo
771 1912 818 2009 in
847 1914 1020 2008 Christo

241 2116 322 2176 Patri
350 2135 386 2176 ac
419 2116 573 2191 Domino,
607 2116 742 2176 Domino
772 2102 982 2196 Hieronymi),
1015 2114 1162 2174 ecclesiae

242 2199 546 2280 Brandenburgensis
564 2198 742 2279 Episcopo,
766 2199 1005 2259 clementissimo
1029 2198 1158 2258 Domino

198 2279 203 2297 ¹
241 2301 297 2343 suo
325 2285 354 2343 in
385 2284 490 2363 primis
518 2285 670 2362 gratioso,
698 2283 730 2342 F.
753 2281 902 2344 Martinus
932 2282 1085 2342 Lutherus
1108 2281 1161 2339 Au-

445 2367 636 2445 gustinianus
659 2365 964 2445 Vuittembergensis.

653 2471 755 2533 lesus.

308 2634 454 2695 Salutem.
468 2635 567 2710 Quum
576 2655 673 2715 nuper
686 2637 798 2696 circum
814 2641 935 2694 nostras
944 2637 1098 2716 regiones,
1112 2653 1158 2712 op·

242 2719 316 2778 time
325 2717 460 2796 Prcesnl,
473 2718 843 2797 andiricoepissentnova
856 2725 888 2776 et
901 2717 1157 2794 inauditadeapo·

241 2800 357 2861 stolicis
380 2801 578 2881 indulgentiis
600 2800 757 2881 dogmata,
779 2803 822 2860 ita
843 2806 875 2859 ut
889 2806 950 2858 tam
966 2800 1050 2860 docti
1075 2817 1156 2878 quam

240 2883 357 2944 indocti
379 2885 499 2963 plurimi
523 2885 637 2962 passim
661 2885 882 2944 admirarentur
904 2892 936 2942 et
955 2888 1155 2956 moverentur,

240 2967 283 3026 fui
300 2987 360 3047 ego
382 2987 402 3026 a
424 2968 547 3041 multis,
569 2974 632 3026 tum
655 2966 874 3042 familiaribus,
896 2974 960 3025 tum
984 2968 1099 3046 ignotis
1119 2963 1133 3022 f
1145 2995 1154 3006 ·

240 3051 307 3127 cie,
334 3058 459 3130 rogatus
483 3050 584 3109 multis
607 3049 701 3110 literis
729 3058 760 3110 et
780 3049 958 3127 colloquiis,
984 3048 1057 3127 quid
1091 3046 1154 3106 mihi

242 3131 281 3193 de
307 3134 434 3193 istorum
457 3133 621 3192 verborum
644 3134 780 3194 novitate
805 3151 863 3196 ine
890 3131 989 3192 dicem
1020 3131 1152 3194 licentiat

241 3215 403 3276 videretur.
448 3215 685 3276 Dissimulabam
709 3213 906 3294 aliquamdiu,
928 3213 1054 3274 tendam
1079 3231 1153 3291 urge·

240 3300 314 3360 baut
344 3298 600 3377 disputationibus
630 3300 751 3360 acribus
784 3316 880 3376 usque
918 3296 957 3358 cd
992 3296 1151 3376 periculum

241 3381 427 3461 pontificalis
449 3382 650 3444 reverentiae.

323 3463 391 3544 Ego
425 3484 498 3526 vero
528 3464 600 3545 quid
629 3463 783 3525 facerem?
810 3463 880 3524 Non
910 3469 976 3522 erat
1009 3481 1107 3522 meum
1126 3460 1151 3518 in

241 3545 300 3604 hac
321 3565 354 3605 re
376 3546 541 3626 quidquam
563 3554 719 3624 statuere,
754 3553 784 3606 at
802 3545 930 3606 verebor
960 3543 1019 3604 illis
1043 3549 1150 3604 contro

242 3625 358 3702 dicere,
390 3647 468 3704 quos
496 3649 559 3690 non
588 3631 645 3689 nisi
673 3649 745 3689 vera
771 3627 966 3707 praedicasse
1003 3625 1151 3706 cupiebam

243 3705 340 3764 videri
368 3725 458 3783 quam
485 3712 628 3774 maxime?
663 3711 717 3772 Isti
746 3703 819 3772 ve'ro
850 3711 894 3770 sic
922 3707 1078 3772 instabant
1099 3707 1149 3768 evi-

244 3783 384 3855 dentibus
406 3794 592 3868 argumentis
614 3793 691 3856 talsa
713 3791 868 3880 eticonis
893 3792 1092 3875 probare,ut
1111 3808 1150 3857 mo
