2600 4300
210 310 273 380 512
483 315 567 368 xxlv
586 315 703 370 Articuli
721 316 857 372 Haeretici

210 481 300 546 batur
319 504 361 546 ex
370 485 514 548 Ennianis
529 486 626 564 dictis,
648 487 721 564 qaia
733 485 1013 548 determinaverant
1024 493 1128 548 nemra

211 565 446 630 Constantlense
467 569 649 647 concilium,
670 568 842 632 Romanurn
865 568 1045 649 pontificem
1069 587 1127 632 nou

112 699 123 716 r
210 665 280 712 case
300 651 504 712 universalem
525 652 706 732 episcopum
730 670 822 732 super
838 671 946 712 omncs
968 651 1127 731 eeclesias,

210 750 268 792 ¹²⁰⁰
289 733 1128 897 tttlttt{zttttttttllttlt„tr

209 915 308 961 annos
329 897 494 962 haeretica.
537 900 643 977 Patet,
678 901 750 979 quia
782 901 857 960 vixit
878 900 1050 963 comodum
1072 908 1128 962 sta·

210 986 276 1042 tute
295 979 413 1058 Niceni,
435 990 542 1044 contra
564 982 729 1044 concilium
753 982 999 1046 Constantienae.

290 1062 344 1124 1v.
368 1064 530 1126 Africanae
551 1065 703 1128 ecclesiae
734 1084 803 1124 eum
828 1061 983 1146 Cypriane
1012 1077 1128 1145 matyre

174 1189 180 1194 -
208 1146 330 1206 luerunt
349 1148 533 1210 haereticae.
561 1147 642 1223 Quia
664 1149 806 1211 vixerunt
826 1149 857 1208 iu
881 1148 990 1210 eodem
1013 1155 1127 1228 puncto

208 1228 376 1300 secundum
396 1229 546 1292 Nicenum
570 1231 744 1292 concilium.

295 1311 331 1372 V.
354 1312 561 1395 Augustinus²
600 1312 800 1396 Ambrosius,
835 1313 865 1373 S.
892 1313 1067 1387 Martinus,
1099 1313 1127 1376 S.

209 1393 357 1456 Nicolaus
380 1404 451 1456 aunt
471 1396 625 1459 haeretici.
670 1395 749 1470 Quia
771 1413 832 1456 nou
855 1396 976 1458 luerunt
997 1395 1127 1458 ordinati

143 1525 156 1542 .
210 1475 392 1538 altomnuo
415 1477 561 1557 pontifice
583 1485 692 1540 contre
705 1477 867 1538 concilium
881 1477 1127 1540 Constantiense.

291 1559 343 1622 vt
366 1559 533 1642 Gregorius
543 1561 765 1639 Nazianzenus,
778 1559 974 1640 Athanasius,
997 1560 1127 1622 Basilius

209 1642 340 1722 Magnus
361 1643 483 1704 luerunt
502 1643 658 1704 haeretiei.
689 1641 770 1719 Quia
791 1642 959 1704 secundum
976 1641 1124 1704 Nicenum

209 1724 380 1787 Concilium
402 1735 510 1788 contra
532 1726 769 1788 Conatantlense
789 1733 927 1804 egerunt.

291 1807 359 1870 Vll.
380 1807 512 1870 Romani
533 1808 695 1889 pontifices
711 1827 819 1876 ornnes
834 1828 930 1888 nsque
954 1810 986 1870 in
1007 1808 1125 1870 hodier-

209 1910 281 1952 num
305 1890 386 1954 diem
408 1899 480 1953 sunt
493 1893 648 1953 haeretici.
693 1891 772 1967 Quin
794 1891 1045 1971 approbaverunt
1065 1898 1124 1952 ate-

209 1980 273 2035 tuta
285 1973 393 2034 Niceni
410 1974 540 2045 concilii,
565 1982 673 2036 eontra
694 1974 929 2037 Constantiense
951 1974 1124 2036 concilium.

293 2055 369 2120 Vlll.
392 2057 422 2118 S.
445 2056 612 2137 Gregorius
634 2058 764 2138 Magnus
785 2057 840 2118 fnit
861 2056 1034 2118 haereticus
1057 2075 1123 2118 oum
1197 2079 1198 2123 i

207 2141 270 2200 auia
300 2139 599 2220 praedecessoribus.
655 2139 734 2216 Quis
766 2139 902 2201 oblatum
936 2162 955 2202 a
994 2139 1123 2201 concilio

209 2222 453 2286 chalcedonensi
474 2226 638 2305 primatum
659 2226 855 2300 recusarunt,
878 2225 975 2285 etsie
997 2225 1063 2285 iure
1085 2224 1124 2283 di-

210 2306 280 2367 vino
302 2308 487 2389 restiterunt,
509 2316 619 2371 contra
638 2306 802 2369 concilium
826 2306 1072 2369 Constantianus.

291 2388 346 2453 lx,
367 2390 447 2451 Tota
468 2390 648 2453 universalis
670 2389 802 2451 ecclesie
828 2397 875 2451 est
892 2388 1049 2451 haeretico
1072 2408 1123 2469 per

207 2479 304 2533 totum
326 2472 442 2551 orbem,
462 2482 594 2554 excepto
607 2473 702 2533 Eccio
725 2471 928 2539 etFratribus.
951 2471 1032 2547 Quia
1044 2478 1122 2533 tenet

207 2554 356 2617 Nicenum
378 2556 542 2618 concilium
564 2555 725 2636 evangelio
748 2554 887 2634 aequale.

287 2638 325 2699 X.
347 2638 482 2701 Decreta
519 2638 730 2701 Romanorum
774 2636 953 2718 pontificum
993 2636 1122 2717 purime

205 2728 277 2781 aunt
296 2720 459 2783 haeretica
503 2721 584 2797 Quia
604 2721 823 2796 determinant,
851 2720 1000 2781 Nioeuum
1022 2720 1120 2784 conoi-

101 2869 105 2882 ‚
206 2802 279 2867 lium
301 2806 469 2885 evangeliis
483 2803 736 2885 comperandum,
757 2811 868 2869 contra
877 2802 1120 2865 constantiense.

288 2886 565 2968 x1.Pnpamalus
594 2907 657 2949 non
687 2893 734 2946 eat
760 2905 852 2966 pepe.
895 2884 975 2960 Quia
998 2884 1119 2955 verbum

207 2968 327 3047 curisti,
348 2970 393 3030 'lu
418 2990 450 3030 es
463 2970 568 3031 Petrus
584 2978 643 3031 ete.
666 2970 693 3029 ei
716 2988 777 3029 non
790 2970 943 3045 convenit,
968 2986 1038 3027 curn
1060 2986 1118 3028 nou

206 3052 245 3111 sit
267 3061 366 3132 petre.
399 3054 456 3113 nisi
486 3054 539 3135 qui
560 3053 650 3114 Petro
679 3052 785 3112 similis
814 3053 867 3130 ait,
900 3051 1046 3130 quoniam
1069 3069 1120 3131 per

205 3134 330 3195 Eceium
354 3137 412 3197 istc
435 3136 529 3199 verbo
558 3154 660 3216 papae
688 3135 836 3196 autoritas
864 3133 1022 3213 probetur.
1066 3132 1119 3193 Hic

206 3224 253 3277 est
273 3218 504 3279 Donatistarum
521 3228 557 3279 et
579 3211 799 3299 Pighatdnrum
823 3216 976 3277 articulus.

251 3308 256 3317 '
287 3300 351 3363 xu.
373 3302 459 3382 Papa
479 3321 541 3363 non
566 3301 748 3381 praedicans
774 3298 968 3379 evangelium
991 3317 1054 3359 non
1076 3305 1119 3359 est

205 3404 295 3462 pepe
339 3385 419 3459 Quia
440 3384 565 3445 verbum
583 3384 705 3459 Christi,
727 3383 822 3445 Pasce
846 3400 920 3443 oves
943 3400 1038 3458 mess,
1060 3399 1116 3443 uon

115 3480 117 3484 ·
205 3473 411 3545 serrat,·qu0
432 3468 518 3547 Papa
539 3466 731 3528 constituitur
751 3467 837 3526 iuxta
858 3465 995 3527 Electum.
1026 3462 1117 3542 Idem,

205 3543 319 3607 Sinon
342 3549 508 3609 confirmet
525 3549 645 3609 Fratres
678 3567 750 3609 suos
772 3548 876 3628 lapsos
899 3552 930 3607 et
950 3545 1116 3625 tribulatos,

204 3629 406 3703 per-eundem
426 3632 562 3693 Eccinm.

285 3708 363 3773 Xlll.
386 3713 471 3791 Papa
490 3733 552 3774 non
576 3712 706 3793 diligens
718 3713 877 3775 Christum·
892 3730 955 3775 nou
968 3718 1015 3771 ast
1028 3728 1115 3790 papa.

207 3785 286 3858 Qui&
323 3791 408 3855 iuxta
434 3794 561 3857 &coium
586 3796 693 3857 Petrus
729 3814 813 3877 papa
831 3794 1039 3858 constituitur
1065 3811 1115 3873 per
