2600 4300
226 318 290 395 εκ
518 312 823 399 maurontum
878 310 883 325 ¹
974 292 978 307 '

310 494 391 576 Quill
415 496 681 579 trgofloiemrss?
711 493 871 579 quomodo
893 492 992 556 emus
1006 492 1146 569 iufflnnr

229 578 472 665 kpmoabimur,
501 584 533 641 et
557 578 688 661 gloriam
712 578 875 661 petemus?
901 576 1146 658 ΙΙὶθιιιιιιιιιιιιὲιιιι

229 664 382 729 mentio
407 662 564 724 novenis·
577 662 710 737 vultibus
731 678 790 723 uos
811 659 975 725 erudiunt..
1005 659 1046 721 Hi
1071 658 1147 722 eliu

228 749 315 811 vultu
337 752 410 809 snut
429 744 585 822 eontrarii,
607 746 663 808 sed
678 750 843 827 pr'ospeolu
858 746 888 805 in
903 744 1149 824 propitiatorium

227 832 426 893 ooovouiuut
475 828 526 890 flio
560 828 634 889 illae
661 830 841 889 autoritates
869 826 1045 889 eontrariae
1071 826 1150 887 luter

228 932 264 975 se
289 916 321 975 in
350 913 472 974 Christo
501 911 700 973 ooneorunnt.
760 910 835 971 tneo
863 928 960 990 opero
989 914 1101 970 nostra
1128 909 1151 968 si

229 994 297 1060 sola
316 1012 353 1057 sa
372 996 466 1073 inias,
487 1001 631 1074 peooata,
662 1001 694 1055 st
721 994 766 1054 ita
786 991 930 1053 iudicium
952 992 1008 1053 tibi
1030 996 1082 1053 est
1104 989 1150 1061 du

228 1014 415 1161 preoanrssrm
438 1076 484 1147 (id
505 1084 567 1154 est,
599 1093 641 1137 ne
663 1076 731 1137 sola
752 1074 964 1163 sinesshristo
986 1072 1150 1135 diieutiau·

228 1163 306 1237 tnr)‚
327 1160 382 1223 sed
402 1162 434 1221 in
456 1159 578 1220 (ilrristo
600 1158 740 1220 ooutidaa
758 1166 800 1221 'ea
821 1158 944 1239 plaoere
964 1158 1050 1237 Deo,
1075 1171 1153 1237 quae

228 1246 297 1327 ipsa
318 1243 388 1305 sole
407 1242 531 1323 plaeere
549 1251 619 1302 noo'
634 1247 782 1321 possunt,
804 1247 839 1302 ut
860 1246 928 1302 orat
949 1240 1095 1301 eeclesia„

312 1324 398 1406 ideo,
419 1325 485 1385 sive
506 1343 627 1404 peones,
649 1326 716 1385 sive
738 1336 812 1402 non,
834 1337 957 1405 semper
968 1321 1100 1383 tinnitor
1112 1323 1152 1383 ni·

230 1415 295 1475 teia
323 1424 418 1491 super
444 1406 596 1468 Christum
625 1412 657 1466 et
685 1407 831 1468 iustitiam
859 1406 944 1467 illam
971 1406 1153 1467 naturalem.

230 1491 353 1578 Septies
375 1491 456 1551 enlm
477 1492 510 1550 in
532 1490 582 1549 die
603 1488 687 1549 ondit
706 1490 820 1566 iustus,
841 1495 874 1551 et
894 1490 987 1550 toties
1008 1490 1153 1571 resurgit

229 1573 271 1636 Et
289 1570 370 1634 Ptol.
392 1562 490 1649 37¹¹):
534 1572 611 1634 Qum
633 1572 778 1632 oeciderit
798 1572 916 1655 inslps,
938 1588 1001 1635 non
1026 1570 1152 1633 uolnus

175 1706 180 1715 ,
230 1663 294 1734 tur,
319 1656 470 1717 Dominus
499 1656 580 1714 enim
611 1655 760 1734 supponit
780 1672 903 1715 manum
926 1669 1024 1716 susm.
1058 1653 1153 1727 fssiout

230 1753 305 1819 ergo
329 1738 368 1799 de
390 1736 511 1798 Christo
533 1754 596 1797 non
618 1736 714 1797 debes
737 1736 891 1816 dubitare,
914 1737 986 1815 quin
1009 1736 1155 1817 placeant

230 1825 359 1903 propter
377 1819 548 1895 Christum,
569 1821 601 1878 in
624 1836 685 1897 quo
709 1818 823 1897 eredis,
846 1826 877 1880 et
898 1820 944 1881 sio
965 1825 1039 1879 sunt
1058 1838 1155 1901 opera

230 1904 302 1965 talis
322 1902 395 1963 lidei
418 1909 450 1962 et
468 1902 652 1983 gratissimo,
674 1900 748 1962 lioet
769 1900 851 1983 apul
873 1908 913 1980 ts,
936 1907 971 1974 et
981 1902 1014 1961 in
1027 1920 1067 1963 oe
1081 1902 1154 1983 ipsis

229 1985 451 2067 indignissima.
918 1994 924 2059 ζ

311 2066 458 2145 Tertium,
480 2082 559 2144 quae
581 2072 652 2125 sunt
667 2078 769 2146 opera
780 2065 975 2145 potissimum
989 2064 1154 2127 lenienda?

231 2149 431 2232 Respondeo:
465 2150 599 2210 Maxime
620 2149 683 2228 illa,
707 2167 787 2230 quae
809 2155 993 2227 promovent
1004 2150 1153 2210 iustitiam

231 2233 412 2313 ospitalem,
445 2238 476 2293 et
510 2234 652 2292 minuunt
678 2230 828 2312 originale
855 2237 1026 2312 pennatum.
1080 2233 1153 2294 ldeo

230 2316 401 2394 unicuique,
416 2322 465 2375 est
485 2316 610 2395 propria
622 2317 670 2374 sui
686 2313 862 2375 observatio
874 2315 1059 2395 neeessaria,
1084 2316 1154 2395 quia

228 2397 383 2478 origlunls
409 2406 573 2478 peooatnm
605 2414 854 2476 unumquemque
887 2397 977 2477 alitsp
1004 2404 1037 2458 et
1065 2396 1154 2460 aliter

231 2481 405 2562 impugnat.
447 2473 613 2541 Generalis
633 2488 705 2551 eunt
726 2479 896 2563 orationes,
923 2479 1153 2562 eleemosynae,

232 2563 356 2624 ieiunia
398 2561 463 2622 Iuro
494 2563 603 2624 Rome.
637 2564 686 2624 12.
722 2562 858 2622 omnium
908 2561 1095 2623 uloherrime
1125 2570 1154 2624 et

233 2643 321 2720 alibi}
363 2644 545 2706 Mortificate
576 2638 715 2705 membru
735 2651 846 2704 vestro.
886 2581 969 2719 fluia
988 2643 1044 2705 illa
1064 2645 1154 2706 tertie

232 2728 348 2787 institia
369 2727 444 2787 ninii
464 2727 550 2788 aliud
572 2728 736 2806 quaeritur,
760 2743 851 2805 quam
869 2737 903 2787 ut
917 2734 1082 2808 pennatum
1098 2729 1152 2789 nri·

168 2827 176 2854 ⁸
232 2809 336 2890 ginale
357 2816 561 2890 expugnetur,
583 2818 614 2870 et
635 2827 753 2888 eorpus
769 2809 886 2889 pennoti
906 2809 1102 2887 destruatur,
1126 2818 1152 2872 et

233 2893 279 2952 sio
309 2892 450 2954 meritum
477 2893 516 2951 sit
542 2893 612 2972 ipsa
638 2909 771 2973 regnens
799 2892 931 2969 institia,
959 2908 1023 2966 non
1052 2899 1152 2954 auum

233 2973 317 3054 quod
338 2980 425 3034 aetus
448 2983 617 3052 mereatur,
637 2973 693 3034 sed
715 2979 878 3055 promovet
898 2975 1051 3035 meritum.
1121 3009 1124 3016 ·

239 3093 246 3117 l
318 3055 476 3135 Quartum,
497 3075 573 3137 prae
594 3057 736 3117 omnibus
752 3055 879 3117 ·oust0di
899 3063 930 3117 te
952 3056 991 3117 ab
1005 3057 1150 3138 operibus

234 3138 289 3200 abs
309 3144 342 3200 te
363 3138 480 3215 eleotis,
503 3141 575 3218 quie
596 3138 674 3199 hoen
694 3155 757 3199 uon
779 3145 910 3219 purgent
929 3148 1077 3220 peooate,
1100 3139 1151 3201 sod

232 3221 375 3363 polluunt
395 3223 510 3302 megia,
532 3228 566 3280 ut
586 3230 657 3282 sunt
677 3229 784 3282 nostro
806 3227 946 3302 tempore
967 3224 1152 3284 ceremonis-

244 3303 503 3383 ure-orationem),
514 3303 655 3379 vooulue,
665 3303 863 3364 ecolesinmm
876 3309 1057 3367 structurae.
1079 3303 1150 3382 Ideo

195 3403 203 3412 ·
233 3385 290 3445 illa
311 3403 406 3464 opera
429 3385 527 3465 magis
549 3383 727 3465 purificant,
757 3403 837 3465 quae
859 3385 941 3446 Deus
970 3388 1103 3467 imponit
1119 3397 1151 3450 et

235 3473 342 3542 vooat,
373 3466 446 3526 inde
468 3468 604 3526 omnium
628 3474 699 3528 sunt
721 3469 837 3547 optima
857 3469 1034 3548 passiones,
1058 3471 1149 3550 aegri·

236 3544 373 3622 ludines,
399 3549 541 3626 penuria,
568 3549 755 3628 ignominie,
778 3569 876 3630 more,
904 3551 1149 3631 quia·l1iosolus

236 3619 320 3682 Deus
349 3634 508 3707 operatur,
540 3635 572 3689 et
596 3627 692 3706 homo
719 3631 848 3712 patitur,
881 3638 912 3694 et
931 3633 1149 3714 perfectissimo

236 3732 627 3762 Μ

273 3796 305 3857 1)
319 3797 501 3870 insontum:
511 3806 554 3862 36.
574 3807 607 3876 2)
616 3808 700 3863 lned,
707 3809 768 3863 «len.
777 3766 1146 3881 rlwomtmmstouu.
