2600 4300
235 318 298 386 1OE
334 318 337 322 ’
480 321 676 380 Raaolntlouea
693 320 803 391 Diaput
822 322 904 379 bntb.

235 496 339 573 pertus
362 488 451 553 dioit:
471 490 538 563 mu
561 492 633 572 quia
655 492 805 555 Dominus
828 492 945 557 adiuvit
965 512 1032 571 ma,
1052 490 1153 573 paulo-

235 575 335 635 minua
355 572 528 637 habitasset
547 576 578 636 in
600 574 719 639 inferno
743 578 845 639 anima
868 596 947 639 men.
1002 575 1042 637 Et
1072 574 1154 635 alibi:

232 656 361 738 Repleta
383 665 430 719 eat
452 658 539 721 maiia
561 660 665 721 anima
688 680 769 731 mea,
800 666 831 721 et
849 660 918 721 'vita
941 677 1012 721 mea
1039 658 1153 723 inferno

234 741 502 821 appropinquavit.
552 742 593 803 Et
619 763 754 807 rursum:
798 742 953 824 Dissipata
981 748 1054 805 aunt
1086 760 1155 803 oasa

234 833 340 885 nostra
360 842 450 892 aeona
471 824 631 888 infernum.
675 827 717 887 Et
736 826 921 887 assimilatus
943 845 1012 888 aum
1033 824 1155 887 deseen-

234 906 375 981 deulibua
395 908 426 970 in
442 908 559 974 lanum.
602 909 642 970 Et
663 910 790 973 iterum:
820 909 920 985 Quam
932 908 1044 971 multae
1059 915 1155 969 oeten·

234 990 305 1051 diali
340 989 413 1053 mibi
442 991 653 1053 tribulationes
681 1012 811 1075 magnas
840 999 871 1055 et
907 992 1023 1070 malas,
1057 998 1088 1052 et
1120 990 1156 1051 de

234 1072 354 1154 abyssis
392 1080 489 1135 terrae
525 1076 634 1137 iterum
666 1076 814 1143 reduxisti
847 1091 905 1138 me.
961 1074 1152 1153 maeotim)

234 1174 307 1217 vero
331 1154 418 1221 dieii:
464 1157 534 1238 Ego
565 1158 630 1219 dixi
659 1160 690 1221 in
721 1158 845 1221 dimidio
869 1158 984 1219 dierum
1009 1176 1156 1241 meorum,
1193 1234 1197 1239 Ι

235 1238 346 1299 vadam
368 1239 408 1301 ad
430 1248 536 1321 portae
556 1241 653 1308 interi,
697 1242 737 1303 lit
757 1242 849 1305 infra:
873 1241 958 1303 Siout
979 1241 1028 1303 leo
1049 1241 1156 1301 oontri-

234 1323 278 1383 vit
299 1322 405 1383 omnia
425 1342 497 1386 oaaa
520 1328 605 1402 mea,
640 1325 725 1405 quod
747 1332 829 1387 certe
850 1344 911 1386 non
933 1324 992 1385 nisi
1015 1323 1157 1385 intolera-

233 1403 286 1467 bili
307 1404 421 1465 iaotum
443 1406 570 1470 horrore
591 1415 694 1488 potest
716 1408 865 1489 intelligi?

316 1486 441 1568 Quinto,
463 1509 556 1570 quam
579 1491 772 1568 multisunt,
795 1492 846 1571 qui
869 1489 1081 1571 usquelrodie
1102 1489 1158 1549 baa

234 1589 351 1651 poenae
383 1580 525 1652 gustant,
561 1594 632 1635 nam
663 1582 693 1637 et
721 1575 832 1637 Johan.
862 1574 1010 1637 Taulerua
1040 1574 1071 1633 in
1095 1574 1157 1631 auis

232 1653 408 1717 Teutooioia
431 1654 547 1720 Sermo.
577 1657 650 1737 quid
673 1657 754 1719 aliud
786 1658 892 1734 donet,
932 1676 1024 1737 quam
1052 1674 1157 1719 earum

232 1755 401 1817 poenarum
425 1741 604 1819 passiones,
632 1760 761 1820 quarum
793 1750 824 1801 et
845 1740 989 1821 exempla
1010 1738 1159 1801 nonnulla

234 1819 383 1884 adducit?
424 1822 527 1901 Atque
548 1822 631 1886 huno
652 1824 809 1885 doctorem
832 1824 897 1885 eoio
927 1822 1050 1903 quidem
1070 1822 1159 1901 igno·

234 1910 297 1968 lum
321 1923 390 1965 eane
411 1905 525 1969 sobolis
547 1906 780 1988 theologorum,
813 1906 946 1987 ideoque
975 1904 1055 1967 forte
1086 1923 1159 1965 aon·

232 1985 442 2069 temptibilem‚
464 1988 519 2050 aed
540 2008 600 2072 ego
620 1990 689 2070 plus
712 1991 742 2051 in
765 2009 803 2051 eo
829 1989 917 2066 (lieet
938 1996 1020 2052 toton
1031 1986 1160 2052 Germa·

232 2090 342 2133 norum
370 2072 535 2134 vunaoula
564 2077 603 2135 nit
624 2075 835 2154 oonsoriptua)
860 2074 959 2155 reperi
981 2071 1160 2152 theolpgiae

233 2155 353 2220 solidae
373 2162 404 2216 et
425 2156 573 2235 monetae,
595 2177 688 2237 quam
708 2159 739 2221 in
762 2158 910 2220 universis
934 2157 1070 2218 omnium
1094 2157 1159 2216 uni·

234 2239 409 2301 versitatum
433 2239 624 2302 roholaatioio
648 2240 827 2302 doctoribus
848 2246 1002 2321 repertum
1025 2246 1083 2317 eat,
1106 2244 1161 2300 aut

233 2322 358 2402 reperiri
380 2323 478 2401 ponait
498 2324 528 2384 in
552 2326 613 2384 auia
636 2324 804 2387 sententiis.
1053 2393 1056 2396 ,

301 2404 376 2471 eeu
399 2411 431 2465 et
451 2424 510 2486 ego
533 2407 605 2469 novi
629 2406 794 2486 hominem,
817 2407 869 2486 qui
887 2405 942 2469 han
961 2423 1161 2486 poenoasae·

232 2488 302 2568 pina
324 2507 449 2568 parsum
463 2509 542 2553 jeeae
561 2491 706 2567 asseruit,
737 2489 917 2552 brevissimo
940 2489 1063 2568 quidem
1086 2495 1162 2548 tem·

233 2571 317 2652 poria
339 2571 509 2651 intervallo,
533 2573 587 2634 ead
606 2581 707 2634 tantan
728 2593 765 2633 ao
787 2580 849 2634 tam
867 2571 1047 2654 infernales„
1064 2589 1160 2650 quan·

234 2662 281 2715 taa
302 2673 361 2717 neo
383 2655 487 2735 lingna
510 2656 622 2735 dioere,
644 2675 703 2716 neo
716 2656 852 2718 palamne
875 2653 1018 2734 seribere,
1041 2673 1101 2715 neo
1118 2656 1161 2716 iu·

234 2741 379 2818 expertus
401 2739 526 2800 eredere
546 2745 660 2820 potest,
682 2739 725 2802 ita
748 2746 796 2818 ut,
819 2739 844 2800 ei
866 2737 1085 2818 perficerentur
1108 2745 1162 2798 aut

234 2819 275 2881 ad
296 2819 427 2887 medinm
448 2819 557 2885 boram
580 2823 733 2900 durarent,
755 2825 816 2882 imo
840 2821 878 2882 ed
892 2821 1159 2902 horaedeoimnm

234 2910 363 2984 partem,
384 2903 518 2966 funditur
541 2908 669 2986 periret,
692 2913 722 2964 et
744 2925 816 2965 oasa
838 2904 942 2966 omnia
964 2904 994 2964 in
1025 2905 1159 2965 einerem

234 2985 452 3066 redigerentur.
933 3033 935 3038 -

317 3070 374 3133 flio
400 3069 485 3131 Deua
513 3077 642 3151 apparet
668 3067 850 3134 horribiliter
876 3069 987 3147 iratus,
1025 3074 1057 3128 et
1090 3087 1159 3128 eum

235 3172 272 3214 eo
294 3154 408 3234 pariter
430 3155 571 3213 universa
593 3160 742 3216 ereatura
775 3151 852 3215 Turn
876 3151 958 3220 nulla
976 3152 1060 3232 iuga,
1076 3151 1160 3212 nulla

235 3236 418 3312 consolatio,
441 3255 499 3296 neo
520 3237 619 3313 intua,
641 3255 700 3302 neo
721 3235 811 3310 foris,
831 3234 887 3294 aed
912 3235 1048 3294 omnium
1071 3253 1158 3296 aonu-

235 3320 324 3383 eatio.
367 3319 456 3380 Tune
476 3319 576 3398 plorat
597 3319 679 3382 buno
700 3337 838 3378 versum:
872 3317 1029 3379 Proiectus
1052 3337 1120 3378 anm
1142 3338 1160 3378 a

234 3402 313 3466 faeie
325 3401 484 3485 oculorum
499 3408 619 3464 tuorum
629 3401 695 3478 **).
730 3401 796 3464 Neo
808 3399 915 3463 saltem
933 3400 1026 3462 audet
1041 3399 1157 3462 dioere:

177 3486 184 3498 ’
235 3483 386 3560 Domine,
407 3503 447 3552 ne
469 3485 499 3544 in
521 3484 622 3546 furore
644 3491 696 3546 tuo
724 3503 836 3564 arguas
858 3481 1001 3561 mem).
1044 3483 1079 3544 ln
1100 3481 1158 3543 boo

236 3573 391 3625 momento
417 3566 575 3640 (mirabile
597 3565 696 3650 dictu)
714 3585 776 3628 non
789 3573 894 3647 potent
905 3568 1008 3628 anima
1025 3565 1157 3645 eredere,

679 3725 687 3732 ,,

292 3830 324 3862 ‘l
343 3832 406 3884 Eam
424 3835 467 3890 38.
504 3837 553 3907 ”)
574 3792 653 3895 Prov.
673 3839 715 3896 31.
744 3840 821 3934 tm)
842 3843 914 3898 Paal.
935 3843 960 3901 b.
992 3851 995 3860 ’

371 4125 517 4136 ξ-
