2600 4300
120 307 122 310 ’
242 295 285 364 36
491 299 648 369 music
666 297 701 356 D.
719 299 798 354 liert
816 297 929 354 intincti

233 467 422 546 attritionis,
450 485 509 528 neo
536 466 624 530 libari
644 467 775 549 arbitrii,
803 467 868 530 sed*
884 469 1001 550 gratiae
1025 475 1073 530 cst
1094 469 1157 530 tale

234 549 436 629 desiderium,
458 556 531 611 ante
552 569 675 612 omnem
697 553 839 614 virtutem
860 552 999 614 clavium.

273 666 275 671 ·
324 631 484 711 Secundo,
504 633 650 694 monime
669 633 815 714 admitto,
840 635 923 714 quod
945 635 1036 716 dicis,
1058 632 1156 696 indul·

241 717 361 797 gentica
376 715 507 777 conferri
519 735 613 796 posse
624 717 716 777 etiam
728 718 1009 798 imperfectissimis,
1025 736 1085 778 nec
1097 717 1158 778 hoc

241 805 336 880 nugat
355 817 427 860 maa
440 800 622 880 propositio,
642 801 706 861 imo
723 819 783 880 ego
797 801 900 878 oredo,
922 800 1004 880 quod
1016 801 1157 861 remissio

241 899 365 962 poenae
387 881 587 943 sacerdotalis
609 890 713 962 potest
733 883 864 944 conferri
884 883 1016 965 indignis
1043 889 1076 944 et
1096 901 1160 944 non

242 965 391 1027 canaitis.
434 963 549 1026 Sensus
569 973 673 1026 autem
694 985 779 1026 meus
801 972 862 1044 cst,
884 967 968 1046 quod
988 965 1074 1028 uuila
1096 983 1159 1026 om·

241 1048 325 1107 nium
353 1048 480 1108 omnino
508 1066 695 1128 poenantm,
722 1056 784 1109 tam
806 1068 826 1109 a
845 1050 913 1110 Deo
934 1049 1160 1130 impositurum,

241 1148 334 1210 quam
363 1129 402 1190 ab
433 1130 575 1209 homine,
601 1133 661 1191 nisi
697 1131 927 1212 perfectissimis
952 1138 1057 1213 potest
1085 1131 1161 1208 dari,

141 1225 145 1239 ¹
242 1215 306 1272 imo
327 1213 419 1279 nullis
439 1213 472 1272 in
492 1213 552 1274 hac
572 1214 645 1274 vita.
687 1213 793 1276 Manat
813 1217 895 1276 enim
916 1232 1019 1295 poena
1041 1215 1161 1292 mortis,

242 1294 333 1356 dolor
360 1294 464 1360 cordis
494 1303 555 1357 eto.
596 1296 639 1357 Et
663 1296 780 1358 nulium
808 1304 856 1358 est
881 1298 1006 1360 dubium
1031 1299 1062 1358 in
1102 1297 1162 1357 hac

241 1379 462 1458 propositione,
485 1380 676 1459 experientia
693 1387 780 1460 teste,
802 1387 834 1442 et
846 1382 981 1442 omnium
994 1381 1159 1442 sententia.

325 1460 375 1520 Ad
402 1462 580 1522 vicesimam
615 1471 756 1543 quartam
783 1481 879 1544 negas
906 1465 973 1524 iciii
1000 1463 1161 1545 populum,

244 1542 385 1604 simodo
408 1545 502 1604 attriti
523 1543 727 1606 confiteantur
747 1551 805 1608 etc.
828 1546 930 1626 quod,
952 1552 1103 1627 utsupra
1125 1545 1163 1606 de

241 1627 399 1688 attritione
421 1625 535 1688 dictum
557 1633 614 1706 est,
634 1629 750 1690 reiicio.

319 1708 461 1771 Secundo
470 1711 512 1790 ¹),
525 1710 609 1790 quod
619 1710 717 1790 addis,
729 1711 790 1774 alia
803 1711 886 1774 bona
905 1731 1001 1793 opera
1011 1731 1078 1774 non
1093 1731 1163 1772 cssc

242 1791 443 1871 relinquenda
462 1802 589 1874 propter
609 1795 734 1875 venias,
767 1813 836 1858 oum
862 1795 964 1856 nuilus
990 1814 1046 1876 pro
1073 1800 1162 1856 certo

243 1876 331 1963 sciat,
353 1895 387 1936 se
407 1878 514 1939 venias
535 1885 719 1938 assecutum.
761 1877 847 1950 Item,
870 1879 941 1958 quia
963 1879 1020 1939 etsi
1040 1877 1090 1940 illi
1111 1895 1162 1938 vc-

242 1959 326 2018 nism
345 1977 410 2019 non
432 1968 676 2039 consequuntur,
704 1961 787 2040 pium
809 1967 912 2022 tamen
934 1980 1011 2042 opus
1032 1959 1162 2039 faciunt,
1202 1971 1203 1974 ’

243 2039 328 2120 quod
349 2059 404 2102 eos
426 2042 458 2102 in
479 2041 610 2103 salutem
630 2042 775 2124 disponit.
843 2118 845 2124 Α

324 2123 529 2205 Respondes:
552 2124 579 2187 0
602 2125 744 2187 miserum
766 2125 969 2207 patrocinium
990 2127 1163 2205 veniarum,

244 2206 385 2286 obscero,
409 2209 435 2267 si
455 2210 605 2269 incertum
626 2216 683 2288 est,
705 2208 853 2289 consequi
874 2228 932 2270 nos
946 2212 1062 2291 venias,
1088 2208 1163 2289 quid

241 2290 391 2354 namus?
413 2291 486 2371 quid
507 2291 625 2353 doces?
652 2291 864 2373 Apostolum)
887 2292 1044 2373 prohibet,
1065 2312 1109 2353 ne
1130 2292 1161 2357 in

240 2374 388 2435 incertum
410 2392 577 2436 curramus.

323 2456 409 2517 Haec
428 2464 483 2518 tua
503 2457 585 2538 apud
612 2476 663 2518 mc
684 2458 843 2519 verissima
871 2464 957 2539 aunt,
985 2459 1047 2519 imo
1078 2458 1163 2538 apud

242 2558 359 2600 omnes.
401 2538 481 2616 Hinc
508 2547 570 2618 cst,
601 2538 685 2621 quod
716 2558 775 2621 ego
808 2543 875 2601 tota
902 2538 1014 2601 fiducia
1040 2541 1161 2601 suadeo

241 2622 434 2701 hominibus,
465 2630 499 2683 ut
524 2616 637 2685 relictis
665 2625 763 2685 veniis
792 2624 924 2687 invicem
952 2622 1161 2702 benefaciant

242 2706 314 2785 quia
335 2705 385 2765 hio
406 2714 477 2766 sunt
497 2708 581 2786 certi,
603 2720 674 2767 sese
695 2707 823 2787 gratiam
835 2706 893 2767 Dei
915 2706 1073 2787 consequi,
1097 2706 1163 2768 illio

242 2806 316 2851 vero
338 2789 455 2868 incerti,
477 2808 517 2849 an
538 2791 669 2870 gratiam
689 2790 821 2851 hominis
839 2796 1074 2869 consequantur.
1102 2790 1163 2850 Hie

241 2870 367 2931 tandem
389 2870 465 2932 dicis
487 2879 520 2933 ct
534 2874 632 2933 sentis
652 2871 692 2933 ad
707 2874 811 2953 omnia
822 2879 897 2933 vota
909 2892 987 2952 mec,
1008 2874 1072 2933 imo
1093 2873 1163 2953 plus

241 2970 333 3033 quam
354 2953 447 3014 volui.
480 2954 549 3035 Ego
571 2957 623 3035 qui
643 2956 824 3033 haereticus,
846 2952 989 3035 perfidus,
1011 2974 1163 3017 erroneus

242 3051 381 3116 samson,
402 3054 558 3117 nunquam
579 3046 643 3099 tam
662 3039 779 3099 utiliter
800 3038 839 3099 de
859 3038 1061 3119 indulgentiis
1071 3038 1163 3099 *loon-

242 3126 291 3179 tas
312 3138 389 3202 snm,
410 3138 469 3180 nea
489 3121 573 3200 loqui
594 3121 679 3182 volo.
713 3119 793 3196 Quid
816 3126 872 3198 est,
895 3140 1021 3203 quaeso,
1034 3120 1163 3183 ‘donum

241 3204 390 3263 incertum
411 3204 469 3262 nisi
490 3204 607 3263 nulium
628 3204 764 3265 donum?
786 3203 889 3279 Quare
910 3224 984 3285 ergo
1006 3210 1055 3266 tot
1073 3222 1164 3284 pom·

241 3286 289 3366 pis
309 3286 442 3346 irritatur
462 3286 571 3367 vulgus
592 3285 630 3347 ad
655 3289 802 3348 incertum
825 3307 912 3348 suum
930 3288 1054 3368 bonum,
1077 3288 1163 3367 quod

242 3368 282 3429 aa
304 3370 503 3429 senissimum
526 3370 641 3431 bouum
668 3371 734 3431 sine
764 3388 881 3453 pompa
909 3372 1009 3452 potuit
1033 3370 1164 3431 induci?

242 3450 311 3511 Hoc
337 3451 430 3513 modo
456 3454 544 3532 peius
571 3452 700 3533 fallitur,
732 3472 796 3515 nou
823 3455 922 3515 maior
945 3472 1016 3534 psrs
1042 3454 1165 3535 populi,

243 3532 298 3594 sed
318 3541 401 3595 totns
421 3535 564 3615 populns.
606 3534 697 3617 Quid,
719 3538 745 3597 si
766 3554 826 3618 ego
847 3538 907 3599 ista
930 3536 1099 3598 dixissem?
1142 3632 1144 3637 ι

316 3716 349 3786 1)
368 3718 400 3771 In
418 3720 483 3776 edit
501 3722 576 3778 dem:
596 3724 697 3791 primo.

232 3807 236 3819 ·
317 3787 348 3858 *J
368 3790 384 3843 t
406 3789 470 3845 θοι.
489 3793 514 3849 9.
563 3834 565 3839 ·
623 3823 625 3829 ,
