2600 4300
424 338 442 375 s
459 314 644 377 balstmc'sd
661 314 772 389 masi·
998 310 1060 387 399

154 509 204 575 per
219 494 404 555 inlusionem
421 492 555 575 gratim,
592 500 673 569 quae
699 500 757 569 per
782 486 988 569 lneslgentiss
1015 484 1060 547 in·

153 576 228 638 lundi
249 593 311 636 non
332 577 445 656 polest.

227 658 347 721 Beinde
371 658 402 720 in
425 658 489 734 bis,
521 670 601 736 quae
622 661 694 715 sunt
715 652 807 717 dubie
833 658 864 713 el
884 650 1061 734 opinabille,

157 762 212 803 non
232 742 333 803 solnm
355 748 405 802 est
423 740 539 801 licitum
561 739 717 819 fflsputare
738 735 993 798 ctoontradleere
1014 747 1061 797 sa·

153 829 277 908 pienteru
300 825 431 907 sepienti
459 823 614 905 (maxime
641 835 717 882 vero
743 820 775 880 in
802 820 867 901 liis,
896 834 975 899 quse
994 833 1059 880 nen

152 917 216 968 sunt
234 914 411 990 praecepta,
431 918 491 967 nee
512 897 662 983 consuta,
683 915 742 965 occ
755 903 929 965 necessarie
950 902 990 962 ad
1012 916 1060 965 se·
1084 944 1095 955 .
1185 920 1193 933 .

151 993 268 1069 lutetn),
290 1004 397 1052 verum
417 991 512 1051 edam
527 988 655 1049 alteram
668 986 920 1049 contradictionis
942 990 1060 1066 partem

151 1076 341 1155 pertinaciter
367 1084 519 1151 asserere,
546 1069 753 1151 periculosum
789 1076 820 1130 et
846 1070 1059 1150 perspiritum

151 1166 280 1217 sanctum
303 1154 491 1237 prohibitum
513 1153 617 1234 est1),
639 1152 823 1214 ubidicitur
844 1151 925 1232 apud
946 1152 1060 1213 losse

150 1259 213 1301 nem
232 1243 264 1301 in
286 1238 484 1320 epistols*):
517 1236 650 1301 Probete
666 1236 798 1316 spiritus,
821 1243 919 1296 utmnr
939 1248 978 1296 ex
990 1235 1060 1295 Dec

150 1326 217 1400 sint,
244 1329 277 1383 et
303 1321 387 1404 apud
413 1314 622 1398 bellunm:
656 1318 768 1379 Omnlc
799 1313 944 1399 probate,
977 1316 1060 1397 quod

149 1406 255 1466 bonum
278 1413 329 1465 est
361 1411 472 1466 tende
521 1403 569 1464 lta
596 1410 630 1463 ut
658 1409 689 1465 et
718 1400 848 1461 ecclesis
870 1395 980 1461 eodem
1002 1398 1060 1481 spi*

149 1492 199 1548 ritu
219 1494 342 1549 rectore
364 1487 557 1569 praeceperit
585 1487 618 1545 ln
638 1481 706 1545 ele.
729 1483 763 1545 O.
786 1483 1004 1561 Abusionlbtss,
1028 1489 1060 1544 ιιι

149 1590 204 1631 non
215 1573 432 1651 permittantur
445 1575 626 1649 quaestores
644 1582 820 1649 proponere
835 1567 952 1647 populo
966 1566 1059 1643 siud,

148 1672 234 1733 φιιιιιι
257 1654 343 1734 quod
365 1655 397 1713 in
419 1669 529 1716 eorum
551 1652 646 1712 literis
665 1651 849 1712 coronetur.

222 1736 342 1812 Quibus
363 1735 497 1811 lumbus,
528 1736 591 1795 ime
612 1734 786 1814 praeceptis
820 1734 926 1811 nixus,
959 1732 1059 1813 dispe·

148 1818 367 1883 aroannam
387 1820 546 1879 matonam
566 1817 706 1897 suscepi,
734 1822 835 1876 motus
857 1814 1060 1877 immodestis-

147 1904 223 1963 simls
255 1900 532 1963 declamationibus
567 1901 695 1961 nimium
716 1915 755 1959 ue
786 1897 958 1959 indiscretis
990 1910 1059 1980 pre-

147 1984 390 2067 mulgatiombus,
411 1984 521 2064 qulbus
540 1982 746 2063 indulgentias
773 1978 975 2061 divulgabant
995 1982 1059 2061 qui-

147 2068 210 2128 dam
230 2070 263 2128 in
286 2069 400 2129 nostris
415 2066 593 2149 regionibus
608 2065 771 2145 apostolici
791 2058 1056 2140 interserebant)

146 2153 344 2213 commissarii
375 2158 408 2212 et
438 2157 631 2230 quaestores,
672 2149 715 2209 ita
748 2157 782 2208 ιιι
812 2146 868 2210 sub
901 2146 1059 2229 Indulgen-

146 2238 248 2296 tiersm
270 2241 433 2316 praetextu
454 2232 606 2294 inaudtse
632 2231 779 2292 annuae
807 2238 839 2292 et
859 2230 1059 2292 scandaleon

147 2317 300 2378 machinas
321 2325 516 2396 exercerent,
547 2317 580 2376 in
602 2315 815 2396 gravissimum
841 2329 988 2375 romense
1010 2333 1058 2374 ec·

147 2399 255 2461 clesiac
293 2408 324 2461 et
355 2396 487 2460 clavium
519 2397 796 2460 ecclesiasticarum
829 2396 991 2458 ludibrium
1028 2401 1061 2457 et

147 2490 370 2565 contemptum,
402 2483 654 2561 reverentiaeque
681 2479 873 2561 apostolicae
893 2479 977 2542 sadis
996 2492 1058 2542 nco

146 2567 299 2628 mediocre
333 2566 557 2628 detrimentum.
616 2564 757 2642 Denique
787 2564 818 2622 in
848 2561 1058 2624 seductionem

146 2649 247 2730 pepuli
268 2667 354 2711 neca
374 2649 521 2730 degrnma
541 2647 640 2711 moliti
661 2651 748 2726 sunt,
770 2653 804 2706 ut
824 2644 974 2706 auderent
992 2661 1058 2708 rer-

146 2734 188 2792 bis
207 2733 292 2794 male
312 2732 423 2794 sobriis
439 2731 562 2812 decere,
585 2737 617 2792 et
637 2727 760 2790 libellos
780 2730 810 2789 in
826 2728 935 2810 vulgus
957 2727 1059 2808 edere,

146 2816 348 2897 indulgentias
370 2832 440 2876 esse
461 2831 583 2896 semper
601 2812 826 2894 indulgentiae,
856 2811 1058 2891 hominem)

147 2901 291 2980 consequi
312 2900 442 2980 gradeio
464 2898 522 2958 Dei
543 2895 776 2975 iustificantem,
798 2894 913 2956 donum
941 2895 1061 2958 scilieet

146 2982 369 3043 inaestimabile
388 2998 445 3062 pro
465 2981 564 3041 veniis
585 2977 809 3056 venundantes,
832 2983 863 3040 et
884 2977 959 3057 alls,
981 2991 1060 3058 quas

146 3066 255 3143 passim
278 3065 415 3126 ostendit
434 3063 554 3125 libellus
575 3079 697 3145 eorum,
726 3062 777 3142 qui
798 3062 958 3123 instructio
981 3078 1060 3121 sumt

147 3149 239 3208 maria
262 3155 400 3226 cecatur,
423 3147 647 3209 absurdissimis
659 3153 690 3206 et
703 3143 787 3206 falsis
798 3144 1059 3225 propositionibus

146 3230 262 3310 plenus,
283 3229 323 3293 ad
345 3231 392 3292 sui
414 3244 598 3310 suorumque
619 3234 760 3290 autorum
782 3228 989 3308 ignominiam.

224 3314 266 3374 lit
286 3315 358 3375 licet
378 3331 439 3396 ego
452 3331 515 3374 non
539 3311 578 3374 de
598 3311 670 3391 ilde,
691 3329 755 3372 non
778 3308 974 3389 demoribus,
996 3326 1059 3370 nen

148 3396 184 3457 de
202 3399 377 3478 praeceptis
398 3397 456 3458 Del
474 3404 528 3458 sut
548 3396 708 3474 eeclesiae,
729 3393 784 3455 sed
806 3393 845 3453 de
861 3391 1059 3474 indulgentiis

151 3487 198 3549 (ct
218 3479 300 3559 diii)
314 3480 512 3562 disputarem,
534 3496 614 3560 quae
629 3495 688 3539 nec
699 3481 892 3560 praeceptae,
912 3493 971 3536 nec
987 3494 1060 3537 eon-

155 3623 512 3632 m---v———w—
529 3623 572 3630 -ι

217 3677 251 3747 1)
271 3675 302 3730 ln
320 3677 362 3731 cd.
383 3681 487 3750 princ:
507 3680 549 3730 sit.
585 3679 618 3747 2]
638 3677 669 3732 ln
688 3673 730 3731 ed.
751 3675 812 3734 Jeu,
831 3675 944 3748 legitur:
971 3675 1060 3740 indul·

150 3751 253 3818 gentian
272 3765 334 3803 esse
352 3746 435 3817 idem,
454 3747 529 3820 quod
547 3746 688 3804 hominem
707 3755 756 3802 etc.

217 3821 248 3886 Ἴ
266 3821 292 3875 l.
310 3821 410 3877 doben.
428 3821 454 3875 4.
492 3819 542 3885 ⁶⁸)
561 3823 583 3874 l.
601 3820 698 3874 ssent.
717 3819 741 3873 b.
