<?xml version="1.0" encoding="UTF-8"?>
<!DOCTYPE html PUBLIC "-//W3C//DTD XHTML 1.0 Transitional//EN"
    "http://www.w3.org/TR/xhtml1/DTD/xhtml1-transitional.dtd">
<html xmlns="http://www.w3.org/1999/xhtml" xml:lang="en" lang="en">
 <head>
  <title>
</title>
<meta http-equiv="Content-Type" content="text/html;charset=utf-8" />
  <meta name='ocr-system' content='tesseract 3.04.00' />
  <meta name='ocr-capabilities' content='ocr_page ocr_carea ocr_par ocr_line ocrx_word'/>
</head>
<body>
  <div class='ocr_page' id='page_1' title='image "./operalatinavari06schmgoog_0035.png"; bbox 0 0 2600 4300; ppageno 0'>
   <div class='ocr_carea' id='block_1_1' title="bbox 395 317 1072 407">
    <p class='ocr_par' dir='ltr' id='par_1_1' title="bbox 395 317 1072 407">
     <span class='ocr_line' id='line_1_1' title="bbox 395 317 1072 407; baseline 0.007 -5"><span class='ocrx_word' id='word_1_1' title='bbox 395 345 432 402; x_wconf 62' lang='lat' dir='ltr'><strong>aa</strong></span> <span class='ocrx_word' id='word_1_2' title='bbox 449 345 517 402; x_wconf 77' lang='lat' dir='ltr'><strong>ua.</strong></span> <span class='ocrx_word' id='word_1_3' title='bbox 535 345 565 402; x_wconf 86' lang='lat' dir='ltr'><strong>r.</strong></span> <span class='ocrx_word' id='word_1_4' title='bbox 584 345 651 402; x_wconf 70' lang='lat' dir='ltr'><strong>snv.</strong></span> <span class='ocrx_word' id='word_1_5' title='bbox 669 344 819 402; x_wconf 68' lang='lat' dir='ltr'><strong>rasuras</strong></span> <span class='ocrx_word' id='word_1_6' title='bbox 926 351 931 362; x_wconf 91' lang='lat'><strong>·</strong></span> <span class='ocrx_word' id='word_1_7' title='bbox 1029 317 1072 407; x_wconf 74' lang='lat'><strong>25</strong></span> 
     </span>
    </p>
   </div>
   <div class='ocr_carea' id='block_1_2' title="bbox 120 517 1092 3752">
    <p class='ocr_par' dir='ltr' id='par_1_2' title="bbox 124 517 1073 1016">
     <span class='ocr_line' id='line_1_2' title="bbox 149 517 1073 602; baseline -0.003 -22"><span class='ocrx_word' id='word_1_8' title='bbox 149 537 216 580; x_wconf 82' lang='lat' dir='ltr'><strong>cam</strong></span> <span class='ocrx_word' id='word_1_9' title='bbox 238 537 260 579; x_wconf 87' lang='lat' dir='ltr'><strong>a</strong></span> <span class='ocrx_word' id='word_1_10' title='bbox 281 521 344 580; x_wconf 86' lang='lat' dir='ltr'><strong>suis</strong></span> <span class='ocrx_word' id='word_1_11' title='bbox 374 519 502 602; x_wconf 84' lang='lat' dir='ltr'><strong>poenis,</strong></span> <span class='ocrx_word' id='word_1_12' title='bbox 533 539 595 581; x_wconf 89' lang='lat' dir='ltr'><strong>non</strong></span> <span class='ocrx_word' id='word_1_13' title='bbox 625 520 754 582; x_wconf 77' lang='lat' dir='ltr'><strong>remittit</strong></span> <span class='ocrx_word' id='word_1_14' title='bbox 785 517 822 580; x_wconf 86' lang='lat' dir='ltr'><strong>ad</strong></span> <span class='ocrx_word' id='word_1_15' title='bbox 852 517 1073 602; x_wconf 83' lang='lat' dir='ltr'><strong>purgatorium,</strong></span> 
     </span>
     <span class='ocr_line' id='line_1_3' title="bbox 147 601 1073 684; baseline -0.001 -22"><span class='ocrx_word' id='word_1_16' title='bbox 147 603 221 662; x_wconf 83' lang='lat' dir='ltr'><strong>iacit</strong></span> <span class='ocrx_word' id='word_1_17' title='bbox 241 603 325 681; x_wconf 86' lang='lat' dir='ltr'><strong>quod</strong></span> <span class='ocrx_word' id='word_1_18' title='bbox 347 609 460 684; x_wconf 77' lang='lat' dir='ltr'><strong>potest</strong></span> <span class='ocrx_word' id='word_1_19' title='bbox 504 602 537 664; x_wconf 80' lang='lat' dir='ltr'><strong>Si</strong></span> <span class='ocrx_word' id='word_1_20' title='bbox 558 603 619 665; x_wconf 89' lang='lat' dir='ltr'><strong>hoc</strong></span> <span class='ocrx_word' id='word_1_21' title='bbox 639 623 703 664; x_wconf 90' lang='lat' dir='ltr'><strong>non</strong></span> <span class='ocrx_word' id='word_1_22' title='bbox 721 601 843 682; x_wconf 80' lang='lat' dir='ltr'><strong>sufficit,</strong></span> <span class='ocrx_word' id='word_1_23' title='bbox 865 601 1003 662; x_wconf 82' lang='lat' dir='ltr'><strong>delectus</strong></span> <span class='ocrx_word' id='word_1_24' title='bbox 1026 607 1073 661; x_wconf 84' lang='lat' dir='ltr'><strong>est</strong></span> 
     </span>
     <span class='ocr_line' id='line_1_4' title="bbox 150 685 1072 767; baseline -0.002 -22"><span class='ocrx_word' id='word_1_25' title='bbox 150 687 271 745; x_wconf 86' lang='lat' dir='ltr'><strong>animae</strong></span> <span class='ocrx_word' id='word_1_26' title='bbox 292 687 469 767; x_wconf 77' lang='lat' dir='ltr'>migrantis,</span> <span class='ocrx_word' id='word_1_27' title='bbox 499 705 562 746; x_wconf 94' lang='lat' dir='ltr'><strong>non</strong></span> <span class='ocrx_word' id='word_1_28' title='bbox 589 687 741 747; x_wconf 86' lang='lat' dir='ltr'><strong>ecclesiae</strong></span> <span class='ocrx_word' id='word_1_29' title='bbox 768 685 972 762; x_wconf 79' lang='lat' dir='ltr'><strong>absolventis,</strong></span> <span class='ocrx_word' id='word_1_30' title='bbox 1008 701 1072 744; x_wconf 91' lang='lat' dir='ltr'><strong>non</strong></span> 
     </span>
     <span class='ocr_line' id='line_1_5' title="bbox 124 765 1072 854; baseline -0.005 -23"><span class='ocrx_word' id='word_1_31' title='bbox 124 770 229 831; x_wconf 81' lang='lat' dir='ltr'><strong>.enim</strong></span> <span class='ocrx_word' id='word_1_32' title='bbox 252 776 395 850; x_wconf 87' lang='lat' dir='ltr'><strong>potestas</strong></span> <span class='ocrx_word' id='word_1_33' title='bbox 417 769 584 850; x_wconf 83' lang='lat' dir='ltr'><strong>ecclesiae,</strong></span> <span class='ocrx_word' id='word_1_34' title='bbox 607 769 662 831; x_wconf 88' lang='lat' dir='ltr'><strong>sed</strong></span> <span class='ocrx_word' id='word_1_35' title='bbox 684 769 761 830; x_wconf 87' lang='lat' dir='ltr'><strong>fldes</strong></span> <span class='ocrx_word' id='word_1_36' title='bbox 783 768 939 854; x_wconf 83' lang='lat' dir='ltr'><strong>purificat,</strong></span> <span class='ocrx_word' id='word_1_37' title='bbox 963 765 1072 842; x_wconf 67' lang='lat' dir='ltr'><strong>salvat,</strong></span> 
     </span>
     <span class='ocr_line' id='line_1_6' title="bbox 150 849 1073 936; baseline -0.001 -25"><span class='ocrx_word' id='word_1_38' title='bbox 150 851 258 912; x_wconf 85' lang='lat' dir='ltr'><strong>liberat</strong></span> <span class='ocrx_word' id='word_1_39' title='bbox 279 853 414 913; x_wconf 86' lang='lat' dir='ltr'><strong>animam</strong></span> <span class='ocrx_word' id='word_1_40' title='bbox 446 852 485 912; x_wconf 87' lang='lat' dir='ltr'><strong>ab</strong></span> <span class='ocrx_word' id='word_1_41' title='bbox 518 852 660 914; x_wconf 81' lang='lat' dir='ltr'><strong>omnibus</strong></span> <span class='ocrx_word' id='word_1_42' title='bbox 693 853 798 930; x_wconf 82' lang='lat' dir='ltr'><strong>malis,</strong></span> <span class='ocrx_word' id='word_1_43' title='bbox 832 871 912 936; x_wconf 87' lang='lat' dir='ltr'><strong>quae</strong></span> <span class='ocrx_word' id='word_1_44' title='bbox 934 849 1011 912; x_wconf 81' lang='lat' dir='ltr'><strong>tides</strong></span> <span class='ocrx_word' id='word_1_45' title='bbox 1034 850 1073 913; x_wconf 86' lang='lat' dir='ltr'><strong>ab</strong></span> 
     </span>
     <span class='ocr_line' id='line_1_7' title="bbox 151 934 592 1016; baseline 0.005 -22"><span class='ocrx_word' id='word_1_46' title='bbox 151 934 283 995; x_wconf 80' lang='lat' dir='ltr'><strong>ecclesia</strong></span> <span class='ocrx_word' id='word_1_47' title='bbox 305 935 372 995; x_wconf 87' lang='lat' dir='ltr'><strong>dari</strong></span> <span class='ocrx_word' id='word_1_48' title='bbox 395 955 457 997; x_wconf 95' lang='lat' dir='ltr'><strong>non</strong></span> <span class='ocrx_word' id='word_1_49' title='bbox 479 943 592 1016; x_wconf 82' lang='lat' dir='ltr'><strong>potest.</strong></span> 
     </span>
    </p>

    <p class='ocr_par' dir='ltr' id='par_1_3' title="bbox 150 1017 1076 1577">
     <span class='ocr_line' id='line_1_8' title="bbox 229 1017 1075 1096; baseline -0.004 -19"><span class='ocrx_word' id='word_1_50' title='bbox 229 1018 378 1095; x_wconf 76' lang='lat' dir='ltr'><strong>Decimo,</strong></span> <span class='ocrx_word' id='word_1_51' title='bbox 405 1017 450 1079; x_wconf 92' lang='lat' dir='ltr'><strong>illi</strong></span> <span class='ocrx_word' id='word_1_52' title='bbox 473 1017 674 1078; x_wconf 85' lang='lat' dir='ltr'><strong>damniticaot</strong></span> <span class='ocrx_word' id='word_1_53' title='bbox 694 1019 827 1094; x_wconf 84' lang='lat' dir='ltr'><strong>animas,</strong></span> <span class='ocrx_word' id='word_1_54' title='bbox 856 1017 905 1096; x_wconf 90' lang='lat' dir='ltr'><strong>qui</strong></span> <span class='ocrx_word' id='word_1_55' title='bbox 930 1017 1075 1077; x_wconf 90' lang='lat' dir='ltr'><strong>omittunt</strong></span> 
     </span>
     <span class='ocr_line' id='line_1_9' title="bbox 152 1093 1074 1182; baseline -0.002 -23"><span class='ocrx_word' id='word_1_56' title='bbox 152 1101 193 1160; x_wconf 83' lang='lat' dir='ltr'><strong>eis</strong></span> <span class='ocrx_word' id='word_1_57' title='bbox 213 1093 405 1181; x_wconf 86' lang='lat' dir='ltr'><strong>persuadere</strong></span> <span class='ocrx_word' id='word_1_58' title='bbox 426 1101 550 1182; x_wconf 85' lang='lat' dir='ltr'><strong>plenam</strong></span> <span class='ocrx_word' id='word_1_59' title='bbox 572 1101 715 1162; x_wconf 84' lang='lat' dir='ltr'><strong>fiduciam</strong></span> <span class='ocrx_word' id='word_1_60' title='bbox 745 1102 776 1161; x_wconf 91' lang='lat' dir='ltr'><strong>in</strong></span> <span class='ocrx_word' id='word_1_61' title='bbox 799 1099 920 1161; x_wconf 78' lang='lat' dir='ltr'><strong>Christo</strong></span> <span class='ocrx_word' id='word_1_62' title='bbox 950 1105 981 1160; x_wconf 83' lang='lat' dir='ltr'><strong>et</strong></span> <span class='ocrx_word' id='word_1_63' title='bbox 1002 1117 1074 1158; x_wconf 90' lang='lat' dir='ltr'><strong>con·</strong></span> 
     </span>
     <span class='ocr_line' id='line_1_10' title="bbox 150 1182 1074 1266; baseline -0.003 -23"><span class='ocrx_word' id='word_1_64' title='bbox 150 1191 298 1264; x_wconf 89' lang='lat' dir='ltr'><strong>temptum</strong></span> <span class='ocrx_word' id='word_1_65' title='bbox 322 1203 508 1265; x_wconf 83' lang='lat' dir='ltr'><strong>poenarum,</strong></span> <span class='ocrx_word' id='word_1_66' title='bbox 541 1189 573 1245; x_wconf 86' lang='lat' dir='ltr'><strong>et</strong></span> <span class='ocrx_word' id='word_1_67' title='bbox 598 1204 662 1244; x_wconf 89' lang='lat' dir='ltr'><strong>nou</strong></span> <span class='ocrx_word' id='word_1_68' title='bbox 691 1185 748 1244; x_wconf 88' lang='lat' dir='ltr'><strong>nisi</strong></span> <span class='ocrx_word' id='word_1_69' title='bbox 770 1182 979 1266; x_wconf 83' lang='lat' dir='ltr'>magnitudine</span> <span class='ocrx_word' id='word_1_70' title='bbox 1000 1197 1074 1262; x_wconf 88' lang='lat' dir='ltr'><strong>poe·</strong></span> 
     </span>
     <span class='ocr_line' id='line_1_11' title="bbox 151 1264 1075 1348; baseline -0.001 -23"><span class='ocrx_word' id='word_1_71' title='bbox 151 1287 255 1326; x_wconf 87' lang='lat' dir='ltr'><strong>aarum</strong></span> <span class='ocrx_word' id='word_1_72' title='bbox 278 1272 396 1329; x_wconf 85' lang='lat' dir='ltr'><strong>terrent</strong></span> <span class='ocrx_word' id='word_1_73' title='bbox 418 1275 449 1328; x_wconf 88' lang='lat' dir='ltr'><strong>et</strong></span> <span class='ocrx_word' id='word_1_74' title='bbox 467 1267 677 1348; x_wconf 87' lang='lat' dir='ltr'><strong>pusillanimes</strong></span> <span class='ocrx_word' id='word_1_75' title='bbox 697 1267 822 1346; x_wconf 83' lang='lat' dir='ltr'><strong>faciunt,</strong></span> <span class='ocrx_word' id='word_1_76' title='bbox 845 1272 994 1348; x_wconf 89' lang='lat' dir='ltr'><strong>quatenus</strong></span> <span class='ocrx_word' id='word_1_77' title='bbox 1017 1264 1075 1324; x_wconf 85' lang='lat' dir='ltr'><strong>rir-</strong></span> 
     </span>
     <span class='ocr_line' id='line_1_12' title="bbox 152 1347 1076 1431; baseline -0.003 -22"><span class='ocrx_word' id='word_1_78' title='bbox 152 1356 243 1409; x_wconf 85' lang='lat' dir='ltr'><strong>tutem</strong></span> <span class='ocrx_word' id='word_1_79' title='bbox 257 1351 422 1430; x_wconf 87' lang='lat' dir='ltr'><strong>potestatis</strong></span> <span class='ocrx_word' id='word_1_80' title='bbox 435 1349 645 1431; x_wconf 85' lang='lat' dir='ltr'><strong>magnificent;</strong></span> <span class='ocrx_word' id='word_1_81' title='bbox 666 1369 745 1430; x_wconf 85' lang='lat' dir='ltr'><strong>quae</strong></span> <span class='ocrx_word' id='word_1_82' title='bbox 768 1355 854 1410; x_wconf 85' lang='lat' dir='ltr'><strong>tanta</strong></span> <span class='ocrx_word' id='word_1_83' title='bbox 874 1348 956 1408; x_wconf 87' lang='lat' dir='ltr'><strong>mala</strong></span> <span class='ocrx_word' id='word_1_84' title='bbox 977 1347 1076 1428; x_wconf 78' lang='lat' dir='ltr'>possit</span> 
     </span>
     <span class='ocr_line' id='line_1_13' title="bbox 152 1430 1076 1511; baseline -0.003 -19"><span class='ocrx_word' id='word_1_85' title='bbox 152 1432 268 1493; x_wconf 86' lang='lat' dir='ltr'><strong>tollere.</strong></span> <span class='ocrx_word' id='word_1_86' title='bbox 313 1433 365 1494; x_wconf 91' lang='lat' dir='ltr'><strong>Da</strong></span> <span class='ocrx_word' id='word_1_87' title='bbox 385 1434 517 1494; x_wconf 90' lang='lat' dir='ltr'><strong>animaru</strong></span> <span class='ocrx_word' id='word_1_88' title='bbox 539 1434 688 1494; x_wconf 79' lang='lat' dir='ltr'><strong>imbutam</strong></span> <span class='ocrx_word' id='word_1_89' title='bbox 710 1434 846 1511; x_wconf 74' lang='lat' dir='ltr'><strong>caritate,</strong></span> <span class='ocrx_word' id='word_1_90' title='bbox 868 1437 900 1492; x_wconf 83' lang='lat' dir='ltr'><strong>ct</strong></span> <span class='ocrx_word' id='word_1_91' title='bbox 921 1431 978 1491; x_wconf 88' lang='lat' dir='ltr'><strong>erit</strong></span> <span class='ocrx_word' id='word_1_92' title='bbox 1000 1430 1076 1490; x_wconf 79' lang='lat' dir='ltr'><strong>dura</strong></span> 
     </span>
     <span class='ocr_line' id='line_1_14' title="bbox 154 1516 677 1577; baseline 0.004 -3"><span class='ocrx_word' id='word_1_93' title='bbox 154 1517 232 1575; x_wconf 88' lang='lat' dir='ltr'><strong>sicut</strong></span> <span class='ocrx_word' id='word_1_94' title='bbox 251 1516 391 1576; x_wconf 80' lang='lat' dir='ltr'><strong>infernus</strong></span> <span class='ocrx_word' id='word_1_95' title='bbox 413 1517 579 1577; x_wconf 80' lang='lat' dir='ltr'><strong>aemulatio</strong></span> <span class='ocrx_word' id='word_1_96' title='bbox 602 1517 677 1577; x_wconf 87' lang='lat' dir='ltr'><strong>eius.</strong></span> 
     </span>
    </p>

    <p class='ocr_par' dir='ltr' id='par_1_4' title="bbox 154 1595 1092 2491">
     <span class='ocr_line' id='line_1_15' title="bbox 230 1595 1076 1673; baseline -0.005 -15"><span class='ocrx_word' id='word_1_97' title='bbox 230 1599 351 1659; x_wconf 79' lang='lat' dir='ltr'><strong>Contra</strong></span> <span class='ocrx_word' id='word_1_98' title='bbox 373 1599 604 1661; x_wconf 75' lang='lat' dir='ltr'><strong>conclusionem</strong></span> <span class='ocrx_word' id='word_1_99' title='bbox 624 1617 726 1659; x_wconf 87' lang='lat' dir='ltr'><strong>meam</strong></span> <span class='ocrx_word' id='word_1_100' title='bbox 760 1603 895 1672; x_wconf 74' lang='lat' dir='ltr'><strong>sextam,</strong></span> <span class='ocrx_word' id='word_1_101' title='bbox 928 1596 980 1657; x_wconf 93' lang='lat' dir='ltr'><strong>ubi</strong></span> <span class='ocrx_word' id='word_1_102' title='bbox 1002 1595 1076 1673; x_wconf 85' lang='lat' dir='ltr'><strong>dixi,</strong></span> 
     </span>
     <span class='ocr_line' id='line_1_16' title="bbox 154 1677 1092 1763; baseline -0.003 -23"><span class='ocrx_word' id='word_1_103' title='bbox 154 1681 273 1761; x_wconf 89' lang='lat' dir='ltr'><strong>culpam</strong></span> <span class='ocrx_word' id='word_1_104' title='bbox 298 1701 362 1742; x_wconf 91' lang='lat' dir='ltr'><strong>non</strong></span> <span class='ocrx_word' id='word_1_105' title='bbox 384 1701 478 1763; x_wconf 89' lang='lat' dir='ltr'><strong>posse</strong></span> <span class='ocrx_word' id='word_1_106' title='bbox 500 1683 612 1743; x_wconf 86' lang='lat' dir='ltr'><strong>remitti</strong></span> <span class='ocrx_word' id='word_1_107' title='bbox 631 1689 787 1763; x_wconf 79' lang='lat' dir='ltr'><strong>potestate</strong></span> <span class='ocrx_word' id='word_1_108' title='bbox 810 1681 921 1759; x_wconf 75' lang='lat' dir='ltr'><strong>clavis,</strong></span> <span class='ocrx_word' id='word_1_109' title='bbox 944 1680 1003 1739; x_wconf 89' lang='lat' dir='ltr'><strong>nisi</strong></span> <span class='ocrx_word' id='word_1_110' title='bbox 1025 1677 1092 1738; x_wconf 84' lang='lat' dir='ltr'><strong>de·-</strong></span> 
     </span>
     <span class='ocr_line' id='line_1_17' title="bbox 156 1761 1077 1846; baseline -0.003 -23"><span class='ocrx_word' id='word_1_111' title='bbox 156 1763 302 1825; x_wconf 84' lang='lat' dir='ltr'><strong>olarando</strong></span> <span class='ocrx_word' id='word_1_112' title='bbox 324 1765 375 1825; x_wconf 87' lang='lat' dir='ltr'><strong>vel</strong></span> <span class='ocrx_word' id='word_1_113' title='bbox 397 1765 598 1845; x_wconf 88' lang='lat' dir='ltr'><strong>approbando</strong></span> <span class='ocrx_word' id='word_1_114' title='bbox 621 1772 692 1846; x_wconf 73' lang='lat' dir='ltr'><strong>eta,</strong></span> <span class='ocrx_word' id='word_1_115' title='bbox 715 1765 864 1827; x_wconf 85' lang='lat' dir='ltr'><strong>latissime</strong></span> <span class='ocrx_word' id='word_1_116' title='bbox 891 1761 1004 1824; x_wconf 86' lang='lat' dir='ltr'><strong>resolvi</strong></span> <span class='ocrx_word' id='word_1_117' title='bbox 1027 1779 1077 1821; x_wconf 91' lang='lat' dir='ltr'><strong>me</strong></span> 
     </span>
     <span class='ocr_line' id='line_1_18' title="bbox 154 1843 1076 1928; baseline -0.003 -22"><span class='ocrx_word' id='word_1_118' title='bbox 154 1849 249 1927; x_wconf 87' lang='lat' dir='ltr'><strong>ipsum</strong></span> <span class='ocrx_word' id='word_1_119' title='bbox 272 1849 305 1907; x_wconf 92' lang='lat' dir='ltr'><strong>in</strong></span> <span class='ocrx_word' id='word_1_120' title='bbox 327 1847 387 1908; x_wconf 86' lang='lat' dir='ltr'><strong>hac</strong></span> <span class='ocrx_word' id='word_1_121' title='bbox 408 1849 545 1928; x_wconf 83' lang='lat' dir='ltr'><strong>materia,</strong></span> <span class='ocrx_word' id='word_1_122' title='bbox 567 1857 601 1909; x_wconf 87' lang='lat' dir='ltr'><strong>ut</strong></span> <span class='ocrx_word' id='word_1_123' title='bbox 621 1847 741 1908; x_wconf 84' lang='lat' dir='ltr'><strong>videbis</strong></span> <span class='ocrx_word' id='word_1_124' title='bbox 763 1850 794 1908; x_wconf 93' lang='lat' dir='ltr'><strong>in</strong></span> <span class='ocrx_word' id='word_1_125' title='bbox 808 1843 1076 1922; x_wconf 82' lang='lat' dir='ltr'><strong>declarationibus,</strong></span> 
     </span>
     <span class='ocr_line' id='line_1_19' title="bbox 156 1928 1076 2011; baseline -0.002 -22"><span class='ocrx_word' id='word_1_126' title='bbox 156 1931 223 2008; x_wconf 87' lang='lat' dir='ltr'><strong>quia</strong></span> <span class='ocrx_word' id='word_1_127' title='bbox 244 1938 276 1990; x_wconf 88' lang='lat' dir='ltr'><strong>et</strong></span> <span class='ocrx_word' id='word_1_128' title='bbox 297 1931 366 2011; x_wconf 87' lang='lat' dir='ltr'><strong>ipse</strong></span> <span class='ocrx_word' id='word_1_129' title='bbox 387 1931 468 1990; x_wconf 90' lang='lat' dir='ltr'><strong>hano</strong></span> <span class='ocrx_word' id='word_1_130' title='bbox 495 1932 725 1993; x_wconf 82' lang='lat' dir='ltr'><strong>conclusionem</strong></span> <span class='ocrx_word' id='word_1_131' title='bbox 754 1931 883 1992; x_wconf 88' lang='lat' dir='ltr'><strong>aliorum</strong></span> <span class='ocrx_word' id='word_1_132' title='bbox 914 1928 1076 2003; x_wconf 75' lang='lat' dir='ltr'><strong>sententia,</strong></span> 
     </span>
     <span class='ocr_line' id='line_1_20' title="bbox 155 2013 1076 2094; baseline -0.003 -23"><span class='ocrx_word' id='word_1_133' title='bbox 155 2032 213 2071; x_wconf 89' lang='lat' dir='ltr'><strong>non</strong></span> <span class='ocrx_word' id='word_1_134' title='bbox 238 2033 310 2073; x_wconf 87' lang='lat' dir='ltr'><strong>mea</strong></span> <span class='ocrx_word' id='word_1_135' title='bbox 331 2015 376 2073; x_wconf 89' lang='lat' dir='ltr'><strong>sic</strong></span> <span class='ocrx_word' id='word_1_136' title='bbox 396 2015 496 2094; x_wconf 90' lang='lat' dir='ltr'><strong>posui.</strong></span> <span class='ocrx_word' id='word_1_137' title='bbox 538 2013 605 2074; x_wconf 87' lang='lat' dir='ltr'><strong>Tua</strong></span> <span class='ocrx_word' id='word_1_138' title='bbox 635 2021 737 2074; x_wconf 90' lang='lat' dir='ltr'><strong>autern</strong></span> <span class='ocrx_word' id='word_1_139' title='bbox 761 2013 930 2074; x_wconf 87' lang='lat' dir='ltr'><strong>confutatio</strong></span> <span class='ocrx_word' id='word_1_140' title='bbox 952 2029 1076 2092; x_wconf 86' lang='lat' dir='ltr'><strong>prorsus</strong></span> 
     </span>
     <span class='ocr_line' id='line_1_21' title="bbox 157 2094 1076 2177; baseline -0.002 -22"><span class='ocrx_word' id='word_1_141' title='bbox 157 2095 225 2155; x_wconf 88' lang='lat' dir='ltr'><strong>nihil</strong></span> <span class='ocrx_word' id='word_1_142' title='bbox 249 2103 314 2171; x_wconf 89' lang='lat' dir='ltr'><strong>est,</strong></span> <span class='ocrx_word' id='word_1_143' title='bbox 351 2096 426 2157; x_wconf 91' lang='lat' dir='ltr'><strong>dicis</strong></span> <span class='ocrx_word' id='word_1_144' title='bbox 448 2097 545 2177; x_wconf 80' lang='lat' dir='ltr'><strong>enim,</strong></span> <span class='ocrx_word' id='word_1_145' title='bbox 577 2097 658 2177; x_wconf 89' lang='lat' dir='ltr'><strong>quod</strong></span> <span class='ocrx_word' id='word_1_146' title='bbox 687 2097 780 2158; x_wconf 84' lang='lat' dir='ltr'><strong>attriti</strong></span> <span class='ocrx_word' id='word_1_147' title='bbox 804 2099 915 2158; x_wconf 87' lang='lat' dir='ltr'><strong>virtute</strong></span> <span class='ocrx_word' id='word_1_148' title='bbox 945 2094 1076 2155; x_wconf 87' lang='lat' dir='ltr'><strong>clavium</strong></span> 
     </span>
     <span class='ocr_line' id='line_1_22' title="bbox 159 2174 1076 2263; baseline -0.003 -26"><span class='ocrx_word' id='word_1_149' title='bbox 159 2180 258 2253; x_wconf 82' lang='lat' dir='ltr'><strong>(iuxta</strong></span> <span class='ocrx_word' id='word_1_150' title='bbox 298 2188 474 2241; x_wconf 89' lang='lat' dir='ltr'><strong>sanctorum</strong></span> <span class='ocrx_word' id='word_1_151' title='bbox 507 2174 827 2263; x_wconf 75' lang='lat' dir='ltr'><strong>interpretationem,’</strong></span> <span class='ocrx_word' id='word_1_152' title='bbox 853 2181 932 2241; x_wconf 84' lang='lat' dir='ltr'><strong>forte</strong></span> <span class='ocrx_word' id='word_1_153' title='bbox 978 2177 1076 2237; x_wconf 86' lang='lat' dir='ltr'><strong>sancti</strong></span> 
     </span>
     <span class='ocr_line' id='line_1_23' title="bbox 157 2260 1076 2339; baseline -0.003 -18"><span class='ocrx_word' id='word_1_154' title='bbox 157 2262 309 2337; x_wconf 83' lang='lat' dir='ltr'><strong>Thomac)</strong></span> <span class='ocrx_word' id='word_1_155' title='bbox 334 2262 413 2324; x_wconf 87' lang='lat' dir='ltr'><strong>flunt</strong></span> <span class='ocrx_word' id='word_1_156' title='bbox 434 2264 564 2323; x_wconf 86' lang='lat' dir='ltr'><strong>contriti.</strong></span> <span class='ocrx_word' id='word_1_157' title='bbox 612 2264 653 2323; x_wconf 81' lang='lat' dir='ltr'><strong>Et</strong></span> <span class='ocrx_word' id='word_1_158' title='bbox 681 2263 752 2325; x_wconf 92' lang='lat' dir='ltr'><strong>ideo</strong></span> <span class='ocrx_word' id='word_1_159' title='bbox 783 2282 845 2325; x_wconf 89' lang='lat' dir='ltr'><strong>non</strong></span> <span class='ocrx_word' id='word_1_160' title='bbox 868 2260 962 2321; x_wconf 91' lang='lat' dir='ltr'><strong>modo</strong></span> <span class='ocrx_word' id='word_1_161' title='bbox 984 2278 1076 2339; x_wconf 86' lang='lat' dir='ltr'><strong>papa,</strong></span> 
     </span>
     <span class='ocr_line' id='line_1_24' title="bbox 158 2342 1077 2427; baseline -0.004 -24"><span class='ocrx_word' id='word_1_162' title='bbox 158 2344 206 2404; x_wconf 83' lang='lat' dir='ltr'><strong>sed</strong></span> <span class='ocrx_word' id='word_1_163' title='bbox 236 2346 368 2425; x_wconf 86' lang='lat' dir='ltr'><strong>quisque</strong></span> <span class='ocrx_word' id='word_1_164' title='bbox 397 2346 542 2407; x_wconf 87' lang='lat' dir='ltr'><strong>sacerdos</strong></span> <span class='ocrx_word' id='word_1_165' title='bbox 570 2345 693 2407; x_wconf 88' lang='lat' dir='ltr'><strong>dimittit</strong></span> <span class='ocrx_word' id='word_1_166' title='bbox 728 2346 900 2427; x_wconf 83' lang='lat' dir='ltr'><strong>depositiva</strong></span> <span class='ocrx_word' id='word_1_167' title='bbox 932 2352 962 2403; x_wconf 91' lang='lat' dir='ltr'><strong>et</strong></span> <span class='ocrx_word' id='word_1_168' title='bbox 989 2342 1077 2401; x_wconf 90' lang='lat' dir='ltr'><strong>mini-</strong></span> 
     </span>
     <span class='ocr_line' id='line_1_25' title="bbox 157 2428 333 2491; baseline 0.006 -5"><span class='ocrx_word' id='word_1_169' title='bbox 157 2428 333 2491; x_wconf 78' lang='lat' dir='ltr'><strong>sterialiter:</strong></span> 
     </span>
    </p>

    <p class='ocr_par' dir='ltr' id='par_1_5' title="bbox 120 2508 1078 3752">
     <span class='ocr_line' id='line_1_26' title="bbox 152 2508 1076 2591; baseline -0.004 -20"><span class='ocrx_word' id='word_1_170' title='bbox 152 2568 171 2585; x_wconf 72' lang='grc'><em>,</em></span> <span class='ocrx_word' id='word_1_171' title='bbox 226 2510 423 2591; x_wconf 80' lang='lat' dir='ltr'><strong>Respondeo</strong></span> <span class='ocrx_word' id='word_1_172' title='bbox 448 2512 588 2591; x_wconf 84' lang='lat' dir='ltr'><strong>primum,</strong></span> <span class='ocrx_word' id='word_1_173' title='bbox 611 2512 677 2571; x_wconf 90' lang='lat' dir='ltr'><strong>sive</strong></span> <span class='ocrx_word' id='word_1_174' title='bbox 700 2510 798 2571; x_wconf 89' lang='lat' dir='ltr'><strong>sancti</strong></span> <span class='ocrx_word' id='word_1_175' title='bbox 820 2511 896 2589; x_wconf 88' lang='lat' dir='ltr'><strong>sint,</strong></span> <span class='ocrx_word' id='word_1_176' title='bbox 920 2508 984 2569; x_wconf 89' lang='lat' dir='ltr'><strong>sive</strong></span> <span class='ocrx_word' id='word_1_177' title='bbox 1005 2524 1076 2589; x_wconf 84' lang='lat' dir='ltr'><strong>pec-</strong></span> 
     </span>
     <span class='ocr_line' id='line_1_27' title="bbox 157 2590 1076 2674; baseline 0 -21"><span class='ocrx_word' id='word_1_178' title='bbox 157 2598 289 2674; x_wconf 81' lang='lat' dir='ltr'><strong>catores,</strong></span> <span class='ocrx_word' id='word_1_179' title='bbox 324 2594 376 2673; x_wconf 90' lang='lat' dir='ltr'><strong>qui</strong></span> <span class='ocrx_word' id='word_1_180' title='bbox 398 2594 443 2653; x_wconf 90' lang='lat' dir='ltr'><strong>sio</strong></span> <span class='ocrx_word' id='word_1_181' title='bbox 465 2594 646 2674; x_wconf 85' lang='lat' dir='ltr'><strong>loquuntur,</strong></span> <span class='ocrx_word' id='word_1_182' title='bbox 679 2592 753 2653; x_wconf 89' lang='lat' dir='ltr'><strong>nihil</strong></span> <span class='ocrx_word' id='word_1_183' title='bbox 775 2594 895 2670; x_wconf 80' lang='lat' dir='ltr'><strong>moror,</strong></span> <span class='ocrx_word' id='word_1_184' title='bbox 918 2592 979 2652; x_wconf 91' lang='lat' dir='ltr'><strong>hoc</strong></span> <span class='ocrx_word' id='word_1_185' title='bbox 1001 2590 1076 2667; x_wconf 88' lang='lat' dir='ltr'><strong>scio,</strong></span> 
     </span>
     <span class='ocr_line' id='line_1_28' title="bbox 158 2672 1078 2757; baseline -0.003 -22"><span class='ocrx_word' id='word_1_186' title='bbox 158 2674 244 2754; x_wconf 89' lang='lat' dir='ltr'><strong>quod·</strong></span> <span class='ocrx_word' id='word_1_187' title='bbox 257 2682 380 2753; x_wconf 76' lang='lat' dir='ltr'><strong>errant,</strong></span> <span class='ocrx_word' id='word_1_188' title='bbox 401 2676 510 2754; x_wconf 82' lang='lat' dir='ltr'><strong>Error,</strong></span> <span class='ocrx_word' id='word_1_189' title='bbox 531 2678 671 2757; x_wconf 85' lang='lat' dir='ltr'><strong>inquam,</strong></span> <span class='ocrx_word' id='word_1_190' title='bbox 694 2682 756 2756; x_wconf 80' lang='lat' dir='ltr'><strong>est,</strong></span> <span class='ocrx_word' id='word_1_191' title='bbox 778 2674 859 2755; x_wconf 93' lang='lat' dir='ltr'><strong>quod</strong></span> <span class='ocrx_word' id='word_1_192' title='bbox 883 2676 1001 2737; x_wconf 87' lang='lat' dir='ltr'><strong>attritus</strong></span> <span class='ocrx_word' id='word_1_193' title='bbox 1023 2672 1078 2733; x_wconf 85' lang='lat' dir='ltr'><strong>fist</strong></span> 
     </span>
     <span class='ocr_line' id='line_1_29' title="bbox 120 2756 1076 2841; baseline -0.003 -23"><span class='ocrx_word' id='word_1_194' title='bbox 120 2785 127 2799; x_wconf 42' lang='lat' dir='ltr'>x</span> <span class='ocrx_word' id='word_1_195' title='bbox 159 2761 301 2819; x_wconf 87' lang='lat' dir='ltr'><strong>contritus</strong></span> <span class='ocrx_word' id='word_1_196' title='bbox 324 2760 436 2820; x_wconf 85' lang='lat' dir='ltr'><strong>virtute</strong></span> <span class='ocrx_word' id='word_1_197' title='bbox 466 2760 614 2838; x_wconf 85' lang='lat' dir='ltr'><strong>clavium,</strong></span> <span class='ocrx_word' id='word_1_198' title='bbox 650 2760 736 2841; x_wconf 85' lang='lat' dir='ltr'><strong>qula,</strong></span> <span class='ocrx_word' id='word_1_199' title='bbox 767 2764 801 2818; x_wconf 91' lang='lat' dir='ltr'><strong>ut</strong></span> <span class='ocrx_word' id='word_1_200' title='bbox 832 2760 874 2819; x_wconf 87' lang='lat' dir='ltr'><strong>ait</strong></span> <span class='ocrx_word' id='word_1_201' title='bbox 895 2756 1076 2841; x_wconf 84' lang='lat' dir='ltr'><strong>Apostolus,</strong></span> 
     </span>
     <span class='ocr_line' id='line_1_30' title="bbox 159 2838 1076 2921; baseline -0.003 -19"><span class='ocrx_word' id='word_1_202' title='bbox 159 2840 283 2921; x_wconf 85' lang='lat' dir='ltr'><strong>Oportet</strong></span> <span class='ocrx_word' id='word_1_203' title='bbox 304 2842 505 2903; x_wconf 86' lang='lat' dir='ltr'><strong>accedentem</strong></span> <span class='ocrx_word' id='word_1_204' title='bbox 530 2842 664 2903; x_wconf 85' lang='lat' dir='ltr'><strong>credere.</strong></span> <span class='ocrx_word' id='word_1_205' title='bbox 706 2838 797 2903; x_wconf 82' lang='lat' dir='ltr'><strong>Fides</strong></span> <span class='ocrx_word' id='word_1_206' title='bbox 820 2848 921 2902; x_wconf 84' lang='lat' dir='ltr'><strong>autem</strong></span> <span class='ocrx_word' id='word_1_207' title='bbox 944 2860 1007 2900; x_wconf 91' lang='lat' dir='ltr'><strong>non</strong></span> <span class='ocrx_word' id='word_1_208' title='bbox 1029 2858 1076 2899; x_wconf 92' lang='lat' dir='ltr'><strong>so-</strong></span> 
     </span>
     <span class='ocr_line' id='line_1_31' title="bbox 159 2922 1078 3006; baseline -0.001 -25"><span class='ocrx_word' id='word_1_209' title='bbox 159 2924 212 2983; x_wconf 88' lang='lat' dir='ltr'><strong>lum</strong></span> <span class='ocrx_word' id='word_1_210' title='bbox 235 2926 379 3003; x_wconf 76' lang='lat' dir='ltr'><strong>conterit,</strong></span> <span class='ocrx_word' id='word_1_211' title='bbox 400 2925 455 2986; x_wconf 88' lang='lat' dir='ltr'><strong>sed</strong></span> <span class='ocrx_word' id='word_1_212' title='bbox 478 2926 569 2986; x_wconf 88' lang='lat' dir='ltr'><strong>etiam</strong></span> <span class='ocrx_word' id='word_1_213' title='bbox 591 2924 795 3003; x_wconf 77' lang='lat' dir='ltr'><strong>iustificat*),</strong></span> <span class='ocrx_word' id='word_1_214' title='bbox 816 2922 1007 3006; x_wconf 82' lang='lat' dir='ltr'><strong>impossibile</strong></span> <span class='ocrx_word' id='word_1_215' title='bbox 1030 2927 1078 2981; x_wconf 87' lang='lat' dir='ltr'><strong>est</strong></span> 
     </span>
     <span class='ocr_line' id='line_1_32' title="bbox 159 3006 1075 3087; baseline 0 -22"><span class='ocrx_word' id='word_1_216' title='bbox 159 3008 242 3081; x_wconf 74' lang='lat' dir='ltr'><strong>enim,</strong></span> <span class='ocrx_word' id='word_1_217' title='bbox 266 3006 351 3087; x_wconf 86' lang='lat' dir='ltr'><strong>quod</strong></span> <span class='ocrx_word' id='word_1_218' title='bbox 374 3008 466 3086; x_wconf 81' lang='lat' dir='ltr'><strong>digne</strong></span> <span class='ocrx_word' id='word_1_219' title='bbox 483 3007 611 3069; x_wconf 83' lang='lat' dir='ltr'><strong>secedat</strong></span> <span class='ocrx_word' id='word_1_220' title='bbox 628 3008 667 3068; x_wconf 93' lang='lat' dir='ltr'><strong>ad</strong></span> <span class='ocrx_word' id='word_1_221' title='bbox 684 3014 918 3087; x_wconf 80' lang='lat' dir='ltr'><strong>sacramentum,</strong></span> <span class='ocrx_word' id='word_1_222' title='bbox 942 3008 999 3067; x_wconf 90' lang='lat' dir='ltr'><strong>uisi</strong></span> <span class='ocrx_word' id='word_1_223' title='bbox 1015 3006 1075 3065; x_wconf 89' lang='lat' dir='ltr'><strong>iam</strong></span> 
     </span>
     <span class='ocr_line' id='line_1_33' title="bbox 160 3089 1076 3152; baseline -0.001 -5"><span class='ocrx_word' id='word_1_224' title='bbox 160 3089 335 3150; x_wconf 82' lang='lat' dir='ltr'><strong>iustificatos</strong></span> <span class='ocrx_word' id='word_1_225' title='bbox 358 3099 483 3151; x_wconf 79' lang='lat' dir='ltr'><strong>atvero</strong></span> <span class='ocrx_word' id='word_1_226' title='bbox 505 3092 663 3152; x_wconf 87' lang='lat' dir='ltr'><strong>contritus.</strong></span> <span class='ocrx_word' id='word_1_227' title='bbox 705 3090 795 3152; x_wconf 85' lang='lat' dir='ltr'><strong>Unde</strong></span> <span class='ocrx_word' id='word_1_228' title='bbox 823 3090 898 3150; x_wconf 93' lang='lat' dir='ltr'><strong>illud</strong></span> <span class='ocrx_word' id='word_1_229' title='bbox 921 3106 1076 3150; x_wconf 81' lang='lat' dir='ltr'><strong>commcn-</strong></span> 
     </span>
     <span class='ocr_line' id='line_1_34' title="bbox 160 3172 1076 3255; baseline -0.001 -24"><span class='ocrx_word' id='word_1_230' title='bbox 160 3179 216 3231; x_wconf 89' lang='lat' dir='ltr'><strong>tum</strong></span> <span class='ocrx_word' id='word_1_231' title='bbox 238 3172 277 3233; x_wconf 87' lang='lat' dir='ltr'><strong>de</strong></span> <span class='ocrx_word' id='word_1_232' title='bbox 300 3175 457 3235; x_wconf 87' lang='lat' dir='ltr'><strong>attritione</strong></span> <span class='ocrx_word' id='word_1_233' title='bbox 480 3175 553 3235; x_wconf 86' lang='lat' dir='ltr'><strong>satis</strong></span> <span class='ocrx_word' id='word_1_234' title='bbox 583 3174 645 3234; x_wconf 89' lang='lat' dir='ltr'><strong>late</strong></span> <span class='ocrx_word' id='word_1_235' title='bbox 673 3192 790 3255; x_wconf 83' lang='lat' dir='ltr'><strong>vagsus</strong></span> <span class='ocrx_word' id='word_1_236' title='bbox 817 3172 997 3255; x_wconf 82' lang='lat' dir='ltr'><strong>figmentum</strong></span> <span class='ocrx_word' id='word_1_237' title='bbox 1019 3176 1076 3248; x_wconf 86' lang='lat' dir='ltr'><strong>est,</strong></span> 
     </span>
     <span class='ocr_line' id='line_1_35' title="bbox 162 3254 1076 3334; baseline -0.002 -20"><span class='ocrx_word' id='word_1_238' title='bbox 162 3265 189 3314; x_wconf 83' lang='lat' dir='ltr'><strong>et</strong></span> <span class='ocrx_word' id='word_1_239' title='bbox 207 3256 281 3315; x_wconf 90' lang='lat' dir='ltr'><strong>nihil</strong></span> <span class='ocrx_word' id='word_1_240' title='bbox 302 3256 334 3316; x_wconf 90' lang='lat' dir='ltr'><strong>in</strong></span> <span class='ocrx_word' id='word_1_241' title='bbox 362 3276 461 3316; x_wconf 89' lang='lat' dir='ltr'><strong>rerum</strong></span> <span class='ocrx_word' id='word_1_242' title='bbox 489 3262 613 3334; x_wconf 79' lang='lat' dir='ltr'><strong>natura,</strong></span> <span class='ocrx_word' id='word_1_243' title='bbox 645 3256 703 3317; x_wconf 87' lang='lat' dir='ltr'><strong>nisi</strong></span> <span class='ocrx_word' id='word_1_244' title='bbox 742 3256 967 3317; x_wconf 84' lang='lat' dir='ltr'><strong>simulationem</strong></span> <span class='ocrx_word' id='word_1_245' title='bbox 996 3254 1076 3313; x_wconf 76' lang='lat' dir='ltr'><strong>forte</strong></span> 
     </span>
     <span class='ocr_line' id='line_1_36' title="bbox 162 3336 1077 3421; baseline -0.001 -25"><span class='ocrx_word' id='word_1_246' title='bbox 162 3338 286 3399; x_wconf 83' lang='lat' dir='ltr'><strong>volucris</strong></span> <span class='ocrx_word' id='word_1_247' title='bbox 309 3358 379 3399; x_wconf 92' lang='lat' dir='ltr'><strong>eam</strong></span> <span class='ocrx_word' id='word_1_248' title='bbox 390 3338 490 3399; x_wconf 86' lang='lat' dir='ltr'><strong>intelli</strong></span> <span class='ocrx_word' id='word_1_249' title='bbox 514 3360 575 3416; x_wconf 87' lang='lat' dir='ltr'><strong>ere,</strong></span> <span class='ocrx_word' id='word_1_250' title='bbox 598 3358 677 3420; x_wconf 84' lang='lat' dir='ltr'><strong>quae</strong></span> <span class='ocrx_word' id='word_1_251' title='bbox 698 3340 796 3421; x_wconf 74' lang='lat' dir='ltr'><strong>magis</strong></span> <span class='ocrx_word' id='word_1_252' title='bbox 809 3338 966 3420; x_wconf 87' lang='lat' dir='ltr'><strong>indignum</strong></span> <span class='ocrx_word' id='word_1_253' title='bbox 984 3336 1077 3397; x_wconf 85' lang='lat' dir='ltr'><strong>faciat</strong></span> 
     </span>
     <span class='ocr_line' id='line_1_37' title="bbox 163 3360 1075 3501; baseline -0.001 -22"><span class='ocrx_word' id='word_1_254' title='bbox 163 3429 357 3486; x_wconf 84' lang='lat' dir='ltr'><strong>sacramento.</strong></span> <span class='ocrx_word' id='word_1_255' title='bbox 387 3420 468 3498; x_wconf 75' lang='lat' dir='ltr'><strong>Quid</strong></span> <span class='ocrx_word' id='word_1_256' title='bbox 490 3360 611 3483; x_wconf 77' lang='lat' dir='ltr'><strong>dicam?</strong></span> <span class='ocrx_word' id='word_1_257' title='bbox 630 3422 732 3483; x_wconf 81' lang='lat' dir='ltr'><strong>Etiam</strong></span> <span class='ocrx_word' id='word_1_258' title='bbox 754 3422 813 3483; x_wconf 85' lang='lat' dir='ltr'><strong>iste</strong></span> <span class='ocrx_word' id='word_1_259' title='bbox 836 3430 903 3482; x_wconf 86' lang='lat' dir='ltr'><strong>tuus</strong></span> <span class='ocrx_word' id='word_1_260' title='bbox 925 3419 1075 3501; x_wconf 87' lang='lat' dir='ltr'><strong>Dialogus</strong></span> 
     </span>
     <span class='ocr_line' id='line_1_38' title="bbox 165 3503 1076 3584; baseline -0.001 -22"><span class='ocrx_word' id='word_1_261' title='bbox 165 3503 317 3564; x_wconf 85' lang='lat' dir='ltr'><strong>confirmat</strong></span> <span class='ocrx_word' id='word_1_262' title='bbox 338 3506 523 3566; x_wconf 85' lang='lat' dir='ltr'><strong>sententiam</strong></span> <span class='ocrx_word' id='word_1_263' title='bbox 545 3524 656 3584; x_wconf 84' lang='lat' dir='ltr'><strong>meam,</strong></span> <span class='ocrx_word' id='word_1_264' title='bbox 678 3507 737 3566; x_wconf 91' lang='lat' dir='ltr'><strong>iarn</strong></span> <span class='ocrx_word' id='word_1_265' title='bbox 761 3504 811 3564; x_wconf 88' lang='lat' dir='ltr'><strong>diu</strong></span> <span class='ocrx_word' id='word_1_266' title='bbox 836 3524 955 3565; x_wconf 86' lang='lat' dir='ltr'><strong>mecum</strong></span> <span class='ocrx_word' id='word_1_267' title='bbox 978 3521 1076 3562; x_wconf 85' lang='lat' dir='ltr'><strong>mora·</strong></span> 
     </span>
     <span class='ocr_line' id='line_1_39' title="bbox 165 3586 1075 3671; baseline 0 -27"><span class='ocrx_word' id='word_1_268' title='bbox 165 3594 228 3664; x_wconf 77' lang='lat' dir='ltr'><strong>tam,</strong></span> <span class='ocrx_word' id='word_1_269' title='bbox 251 3586 333 3665; x_wconf 93' lang='lat' dir='ltr'><strong>quod</strong></span> <span class='ocrx_word' id='word_1_270' title='bbox 354 3587 500 3649; x_wconf 82' lang='lat' dir='ltr'><strong>videlicet</strong></span> <span class='ocrx_word' id='word_1_271' title='bbox 521 3588 679 3671; x_wconf 76' lang='lat' dir='ltr'><strong>theologia</strong></span> <span class='ocrx_word' id='word_1_272' title='bbox 691 3588 745 3648; x_wconf 89' lang='lat' dir='ltr'><strong>illa</strong></span> <span class='ocrx_word' id='word_1_273' title='bbox 757 3587 942 3649; x_wconf 78' lang='lat' dir='ltr'><strong>scholastico</strong></span> <span class='ocrx_word' id='word_1_274' title='bbox 953 3586 1075 3647; x_wconf 90' lang='lat' dir='ltr'><strong>exulem</strong></span> 
     </span>
     <span class='ocr_line' id='line_1_40' title="bbox 166 3666 1076 3752; baseline 0 -24"><span class='ocrx_word' id='word_1_275' title='bbox 166 3669 246 3729; x_wconf 85' lang='lat' dir='ltr'><strong>nobis</strong></span> <span class='ocrx_word' id='word_1_276' title='bbox 266 3671 340 3731; x_wconf 84' lang='lat' dir='ltr'><strong>iecit</strong></span> <span class='ocrx_word' id='word_1_277' title='bbox 370 3690 476 3732; x_wconf 86' lang='lat' dir='ltr'><strong>veram</strong></span> <span class='ocrx_word' id='word_1_278' title='bbox 504 3677 536 3732; x_wconf 85' lang='lat' dir='ltr'><strong>et</strong></span> <span class='ocrx_word' id='word_1_279' title='bbox 561 3672 713 3733; x_wconf 80' lang='lat' dir='ltr'><strong>sinceram</strong></span> <span class='ocrx_word' id='word_1_280' title='bbox 743 3670 944 3752; x_wconf 81' lang='lat' dir='ltr'><strong>theologiam.</strong></span> <span class='ocrx_word' id='word_1_281' title='bbox 997 3666 1076 3729; x_wconf 86' lang='lat' dir='ltr'><strong>Nam</strong></span> 
     </span>
    </p>
   </div>
   <div class='ocr_carea' id='block_1_3' title="bbox 229 3851 568 3921">
    <p class='ocr_par' dir='ltr' id='par_1_6' title="bbox 229 3851 568 3921">
     <span class='ocr_line' id='line_1_41' title="bbox 229 3851 568 3921; baseline 0.006 -16"><span class='ocrx_word' id='word_1_282' title='bbox 229 3851 259 3921; x_wconf 80' lang='lat'><strong>·)</strong></span> <span class='ocrx_word' id='word_1_283' title='bbox 278 3852 369 3907; x_wconf 67' lang='lat' dir='ltr'><strong>noa.</strong></span> <span class='ocrx_word' id='word_1_284' title='bbox 405 3852 505 3907; x_wconf 68' lang='lat' dir='ltr'><strong>nom.</strong></span> <span class='ocrx_word' id='word_1_285' title='bbox 527 3854 568 3907; x_wconf 83' lang='lat' dir='ltr'><strong>tt.</strong></span> 
     </span>
    </p>
   </div>
   <div class='ocr_carea' id='block_1_4' title="bbox 0 0 1323 4300">
    <p class='ocr_par' dir='ltr' id='par_1_7' title="bbox 0 0 1323 4300">
     <span class='ocr_line' id='line_1_42' title="bbox 0 0 1323 4300; baseline 0 0"><span class='ocrx_word' id='word_1_286' title='bbox 0 0 1323 4300; x_wconf 95' lang='lat' dir='ltr'><strong> </strong></span> 
     </span>
    </p>
   </div>
  </div>
 </body>
</html>
