2600 4300
218 243 296 375 458.
553 305 679 376 Epistol·
699 305 808 362 &unni

219 499 302 556 num,
326 497 389 541 uon
411 477 542 540 salutem
563 479 743 540 animarutn.
771 475 841 552 Quo
863 476 1055 537 invisissent
1073 474 1144 534 bae

219 583 326 626 roseos
349 581 463 624 nomen
484 561 608 625 auribus
630 560 826 639 Christianis,
855 559 919 620 hoo
938 560 1041 618 minus
1064 575 1145 618 eom-
1197 619 1199 626 s

220 647 402 708 mittendum
428 652 485 721 est,
506 651 540 706 ut
559 651 676 706 temere
698 645 924 723 inquemqusm
947 641 1144 722 impingatur.

220 730 290 794 Nou
313 731 416 792 statim
440 729 539 807 quivis
561 723 647 789 ὅποι
667 727 804 788 haeresis
827 734 892 803 est,
922 743 1026 804 neque
1054 724 1146 803 proti·

219 833 279 878 uus
298 813 566 887 haereticum‘est,
589 810 736 890 quidquid
757 810 830 870 huie
851 816 905 870 aut
924 809 970 869 iili
992 807 1145 888 displicet.

219 897 329 976 Neque
349 915 471 976 semper
491 893 564 956 fidei
586 895 745 974 negotium
765 899 872 972 agunt
895 893 948 972 qni
961 897 1148 972 praetexunt

109 1019 112 1028 ·
220 979 398 1042 huiusmodi
425 978 605 1059 splendidos
640 977 757 1038 titulos.
785 976 852 1037 Imo
889 977 1030 1056 plerique
1059 993 1145 1034 suum

221 1070 318 1145 agunt
338 1064 516 1144 negotium,
537 1061 591 1122 vel
611 1061 751 1140 quaestui
773 1079 829 1120 suo
852 1060 1070 1136 eonsulentes‚
1097 1058 1148 1118 vel

220 1147 387 1228 tyrannidi,
409 1165 502 1225 quum
518 1144 549 1219 ¹)
571 1144 733 1224 praeeipiti
754 1139 902 1204 laedendi
926 1142 1031 1204 studio
1054 1159 1148 1221 sseps

223 1231 421 1294 criminentur
440 1230 473 1288 in
494 1228 566 1306 alio,
589 1226 673 1306 quod
694 1227 754 1306 ipsi
776 1227 860 1288 domi
882 1226 1027 1307 probant.

303 1313 444 1392 Denique
457 1331 526 1372 sum
537 1317 585 1372 tot
606 1311 668 1370 sint
688 1314 810 1370 veteres
833 1329 870 1371 ue
892 1311 1046 1372 neoterioi
1058 1311 1147 1389 serip-

221 1403 315 1478 tores,
335 1415 395 1457 neo
414 1396 523 1457 horum
536 1396 698 1473 quisquam
720 1393 822 1454 adhue
841 1393 1017 1474 repertum
1045 1395 1095 1470 sit,
1115 1395 1147 1452 in

222 1482 307 1542 ouius
328 1479 413 1542 libris
441 1497 505 1540 uon
528 1477 681 1538 intuuntur
712 1477 817 1537 inesse
844 1477 1040 1557 periculosos
1064 1495 1145 1537 erro

221 1581 282 1639 res,
305 1583 359 1647 our
378 1563 515 1641 reliquos
536 1561 623 1622 taeiti
641 1559 819 1639 plsostique
834 1561 974 1642 legimus,
996 1561 1029 1619 in
1053 1579 1146 1619 unum

222 1653 276 1709 ant
295 1648 425 1708 alterum
445 1651 508 1706 tam
530 1644 676 1704 atrociter
697 1643 872 1704 saevimus?
899 1643 931 1705 Si
951 1644 1078 1703 veritati
1098 1661 1148 1723 pa-

221 1731 425 1805 sociamur,
452 1745 507 1788 our
526 1745 589 1788 non
612 1745 652 1786 ex
674 1745 775 1805 nequo
798 1726 945 1804 offendit,
971 1726 1149 1806 ubieunque

222 1814 387 1893 reperitur,
423 1809 506 1890 quod
528 1810 649 1870 veritati
670 1810 852 1890 repugnat?
873 1809 1080 1871 sanctissima
1100 1827 1148 1870 ras

224 1904 287 1975 sat,
315 1894 387 1956 fidei
413 1893 634 1974 religionisque
656 1893 862 1954 sinueritatsm
884 1893 982 1970 tueri,
1005 1892 1062 1952 sed
1086 1911 1149 1954 sue·

222 1979 408 2040 lemtissima
426 1995 477 2038 res
498 1982 555 2051 est,
576 1979 739 2054 praetextu
765 1975 978 2038 defendendae
999 1975 1075 2036 fldei
1097 1994 1150 2036 no·

225 2064 294 2123 stris
316 2062 431 2122 servire
453 2057 677 2139 cupiditatibus.
700 2058 732 2120 Si
745 2058 891 2138 quidquid
914 2061 945 2119 in
967 2059 1086 2122 scholis
1103 2077 1148 2120 re

225 2153 348 2225 septum
371 2155 434 2222 est,
466 2143 624 2205 oraculum
645 2141 752 2205 haberi
773 2142 897 2223 volunt,
926 2143 1091 2204 our'inter
1116 2164 1149 2203 ss

226 2230 353 2291 wiotan
374 2227 586 2289 dissentiunt?
612 2245 667 2287 our
693 2226 870 2287 suholsstisi
903 2226 1051 2288 doctores
1071 2228 1151 2289 inter

226 2308 769 2490 tttttttttsti'ttttttgt
787 2310 951 2453 diuidi
977 2308 1149 2472 diffl-

226 2496 344 2560 pausos
363 2494 516 2557 repertas,
545 2494 596 2554 qur
618 2480 831 2553 mouentium,
855 2476 912 2535 nisi
932 2476 1149 2555 oonspiruriut

228 2561 279 2623 nd
299 2561 378 2623 baeu
400 2578 464 2619 non
497 2576 567 2619 raro
589 2556 859 2637 deprehenduntnr
880 2558 1029 2619 damnare
1049 2559 1083 2617 in
1105 2576 1149 2618 ra-

131 2679 139 2690 ’
228 2645 362 2706 sentinus
402 2641 510 2718 libris,
547 2639 631 2719 qnod
662 2641 694 2701 in
722 2640 895 2722 Augustino
927 2648 980 2702 sut
1008 2640 1149 2702 Gemens

228 2746 294 2790 non
321 2726 482 2800 damnant,
519 2724 608 2802 quasi
632 2725 745 2785 veritas
773 2742 841 2784 oum
871 2729 980 2785 autore
1006 2729 1149 2785 mutetur.

228 2810 304 2884 nos,
325 2808 434 2889 quibus
455 2807 569 2883 favent,
591 2808 636 2865 sio
658 2806 773 2887 legunt,
794 2808 949 2867 utomnia
968 2812 1149 2886 torquentes

229 2893 304 2955 nihil
325 2911 389 2953 non
412 2895 578 2965 excusent,
601 2888 711 2968 quibus
733 2888 843 2951 infensi
865 2895 943 2968 suut,
965 2890 1011 2951 siu
1033 2890 1149 2972 legunt,

232 2982 266 3037 ut
285 2976 362 3037 nihil
382 2993 445 3035 non
468 2972 698 3035 calumnientur.

313 3053 438 3139 Optima
454 3054 668 3117 christianismi
689 3074 760 3135 pars
782 3055 903 3117 estvita
910 3053 1032 3117 Christo
1049 3054 1149 3137 digna.

231 3142 319 3218 Quas
341 3161 407 3202 sum
431 3139 574 3218 suppetit,
596 3157 660 3199 uon
671 3136 764 3199 debet
785 3156 855 3201 esee
874 3137 972 3197 iaoilis
982 3138 1148 3199 haereseos

231 3226 376 3307 suspitio.
396 3222 487 3284 Nuus
507 3219 630 3301 quidam
649 3240 734 3283 nova
753 3221 1026 3295 summinisnuntur
1046 3220 1147 3281 firnda

231 3320 345 3383 menta,
367 3307 412 3368 sio
433 3305 513 3367 enim
535 3310 672 3382 runaut,
689 3304 752 3365 hou
773 3310 829 3380 est,
851 3322 949 3364 novas
969 3302 1058 3385 leges
1080 3322 1146 3365 aon·

232 3389 319 3469 dnnq
339 3408 396 3468 par
417 3406 493 3467 quss
513 3386 641 3465 donent,
677 3386 865 3448 haeretiuum
887 3404 975 3463 esse,
1004 3384 1146 3465 quidquid

231 3490 299 3533 non
331 3470 443 3549 planet
478 3468 622 3548 Quisquis
657 3469 785 3529 alterum
816 3470 980 3531 haereseos
999 3476 1145 3545 -ueousst,

232 3553 300 3631 ipss
320 3558 479 3630 praestare
500 3550 592 3612 debet
612 3570 715 3612 mores
738 3551 912 3612 Christiano
934 3550 1055 3631 dignos,
1077 3553 1144 3613 uari·

305 3738 333 3800 1.)
353 3738 385 3788 ln
402 3737 444 3791 ed.
461 3738 536 3791 don:
575 3740 642 3807 quin
666 3764 701 3777 -
720 3737 909 3791 criminantur.
963 3735 996 3803 2)
1024 3738 1057 3791 In
1086 3737 1143 3792 edit

235 3805 333 3869 prino:
352 3812 487 3875 receptus.
889 3834 894 3841 .
