2600 4300
461 319 497 373 ad
513 319 586 373 Frld.
605 310 671 374 Sex.
694 319 761 374 Duc.
1002 245 1076 388 ,457

151 489 293 552 nocendi
314 491 490 552 fucultatem
510 491 732 571 praebeatiis,
767 491 874 571 quihus
900 490 988 551 adest
1009 509 1076 572 per-

150 575 406 654 petuanocendi
429 574 581 635 voluntas.
611 573 765 644 Gentium
794 593 899 635 sumac
921 573 1001 654 apud
1022 591 1076 654 po·

151 657 264 735 pulum
286 659 463 735 conciones,
485 657 621 735 scholae,
643 657 855 736 conciliabula,
879 659 1022 718 convivia
1034 657 1077 716 ni·

151 739 199 799 hil
223 739 307 799 aliud
330 740 512 820 crepabant,
541 759 633 817 qnam
654 729 798 801 haeieses
820 749 852 802 et
872 741 1077 801 antichristos.

149 822 260 901 Atque
281 823 354 883 huic
374 830 436 883 tarn
466 824 576 884 odioso
607 825 754 904 negotio,
790 826 967 904 praesertim
996 822 1077 904 apud

150 906 353 966 mulierculas
374 914 407 967 et
426 907 584 968 indoctam
596 907 799 986 plebeculam,
821 910 1006 968 miscuerunt
1024 907 1078 966 ho·
1119 929 1121 940 ’

152 989 257 1050 mines
280 987 384 1049 callidi
403 990 493 1050 bium
514 990 701 1070 linguarum,
735 989 930 1070 eloquentiae
957 990 1078 1070 politio·

149 1073 261 1150 risque
284 1073 460 1133 literaturae
482 1075 679 1150 mentionem,
701 1075 786 1152 qnasi
810 1073 1075 1149 autLutherius*)

150 1154 203 1216 his
225 1154 389 1234 praesidiis
410 1155 529 1234 fideret,
551 1160 605 1215 ant
625 1174 665 1214 ex
687 1156 770 1215 hisce
784 1157 918 1218 fontibus
935 1157 1078 1216 haereses

150 1244 366 1299 nascerentur.
388 1239 474 1299 Haec
493 1237 683 1317 impudentia
703 1239 771 1318 plus
794 1257 884 1320 quarn
908 1240 1078 1320 sycophan-

151 1322 227 1396 tica,
251 1338 321 1380 cum
345 1323 469 1401 optimis
490 1317 662 1401 quibusque
683 1321 877 1402 displiceret,
905 1329 968 1383 tum
993 1322 1022 1393 ¹)
1048 1327 1080 1382 ut

150 1403 271 1464 bellum
294 1403 650 1484 inventumprobabatur
663 1403 853 1482 quibusdam,
876 1407 926 1486 qui
950 1405 1078 1466 setheo·

152 1485 264 1566 logice
284 1487 506 1568 antesignanos
527 1495 560 1548 et
575 1487 766 1548 Christianae
787 1489 944 1570 religionis
966 1488 1079 1548 colum-

152 1588 211 1628 nas
233 1570 421 1630 existimant.
450 1571 491 1630 Et
511 1570 595 1648 ride,
624 1570 715 1647 quarn
738 1571 839 1632 studio
862 1573 946 1632 caeci
967 1573 1080 1631 nostris

150 1651 333 1713 blandimur
351 1654 444 1727 vitiis,
468 1660 604 1715 chocem
627 1654 855 1728 contumeliam,
878 1657 940 1716 imo
963 1655 1079 1714 lacinus

148 1735 277 1796 haeresi
300 1738 471 1814 proximum
493 1736 646 1809 ducimus,
684 1738 709 1795 si
737 1739 805 1818 quis
821 1738 1014 1818 'theologum
1035 1755 1081 1796 ra

151 1817 274 1897 bulanu
295 1819 401 1896 quales
414 1826 487 1879 aunt
498 1839 561 1880 non
582 1820 683 1898 pauci,
705 1839 769 1899 pro·
784 1820 931 1900 theologo
946 1838 1080 1902 ueruto·

151 1900 259 1980 λῆγον
280 1903 429 1962 nominet.
463 1904 520 1982 lpsi
548 1900 637 1962 uobis
666 1903 869 1982 ignoscimus,
901 1923 967 1963 cnm
999 1902 1080 1982 apud

151 1984 349 2062 frequentem
374 1985 520 2065 populum
541 1985 729 2046 haereticum
753 1993 784 2046 et
800 1987 1011 2047 antichristum
1029 2003 1081 2045 vo·

151 2085 275 2143 murus,
299 2067 471 2147 cuicunque
492 2085 718 2128 succensemus.

239 2150 489 2211 Lutheriusmihi
510 2159 572 2212 tam
594 2154 720 2230 ignotus
744 2160 799 2230 est,
822 2172 911 2231 quam
926 2154 973 2212 cni
994 2154 1081 2233 igno·

151 2234 302 2305 desimus,
325 2238 530 2314 utsnspeclua
550 2254 619 2305 esee
632 2254 694 2294 non
716 2252 825 2314 queam
853 2238 939 2315 quasi
961 2236 1080 2296 faveam

154 2318 272 2377 amico.
293 2316 391 2378 Huius
403 2317 631 2381 lucubrationes
653 2324 711 2377 nec
730 2320 806 2379 tueri
818 2338 919 2378 meum
944 2326 1000 2391 est,
1023 2336 1081 2379 nec

154 2398 345 2479 improbare,
367 2407 400 2461 ut
420 2400 657 2479 queshactenua'
679 2418 741 2461 non
764 2401 900 2481 legerim,
923 2404 980 2462 nisi
997 2420 1082 2483 carp·

155 2483 223 2544 tim
247 2480 452 2543 cera-vium
465 2482 598 2545 hominis
619 2501 723 2560 nemo,
740 2485 791 2562 qui
810 2486 905 2561 novit,
928 2504 991 2545 non
1012 2504 1081 2565 pro·

156 2565 221 2641 bet,
246 2584 337 2643 quae,
358 2585 428 2626 cum
449 2566 630 2646 longissime
641 2565 722 2627 abuit
742 2566 781 2626 ab
800 2568 884 2627 omni
906 2568 1082 2647 suspicione

156 2648 307 2709 avariuae
329 2655 422 2727 atque
440 2648 626 2732 ambitionis,
649 2654 681 2709 et
696 2649 819 2709 'rnorem
841 2652 1019 2711 innocentia
1031 2649 1081 2710 vel

158 2730 243 2811 apud
265 2730 406 2793 ethnicus
427 2732 563 2792 savorem
584 2733 712 2795 invenit.
736 2730 834 2806 Quam
857 2752 919 2794 non
943 2734 1083 2813 congruit

158 2813 387 2875 mansuetudini
415 2814 612 2895 theologicae
631 2816 779 2901 protinus
813 2834 850 2875 ac
885 2836 923 2879 ne
944 2815 1081 2896 perlecto

158 2896 287 2975 quidem
308 2896 385 2958 libro
409 2904 471 2957 lam
498 2898 673 2965 immaniter
694 2896 875 2959 debacchari
907 2900 938 2959 in
967 2917 1081 2960 nomen

158 2998 196 3039 ac
217 2978 332 3039 famam
353 2980 442 3059 probi
463 2980 536 3058 viri,
570 2981 662 3064 idque
684 2979 764 3061 apud
785 2983 956 3063 imperitam
978 2982 1081 3063 plebe·

160 3062 272 3136 culam,
295 3080 374 3141 quae
394 3082 520 3142 prorsus
543 3074 627 3127 caret
645 3062 783 3140 indicio,
810 3066 988 3143 praesertim
1013 3083 1079 3124 curn

159 3144 212 3211 ille
244 3145 430 3225 disputanda
451 3149 663 3227 proposuerit,
698 3166 766 3207 cum
798 3148 933 3209 omnium
968 3146 1080 3207 indicio

160 3239 231 3295 seue
252 3226 443 3306 submiserit,
476 3247 606 3308 quorum
623 3230 778 3313 oportuit,
815 3237 846 3291 et
867 3220 994 3309 qnorum
1017 3246 1081 3289 non

161 3311 306 3389 coenat
326 3310 426 3371 Nemo
438 3313 566 3393 monuit,
577 3332 670 3376 nemo
682 3314 794 3389 docuit,
816 3332 907 3399 nemo
921 3312 1080 3372 revicitta·

161 3392 1080 3477 urcu²Jrociierant³Jhaeretieum‚seditiosiselamoribusad

161 3478 281 3558 lapides
293 3486 474 3555 provocant.
498 3477 593 3540 Dices
614 3500 669 3541 ecs
689 3480 773 3540 sitire
786 3479 963 3557 sanguinem
977 3477 1080 3537 huma

215 3674 248 3742 ⁸)
270 3672 363 3725 ln'cd.
381 3673 461 3727 len:
480 3643 615 3726 lutherus
635 3680 683 3727 ete.

217 3745 248 3809 1)
269 3744 346 3799 lbid:
365 3749 466 3799 umen.
503 3745 538 3809 2)
557 3744 647 3797 Ibide
669 3750 783 3797 tanturn.
821 3740 853 3811 3)
873 3741 956 3795 ibidr
981 3743 1080 3795 vociie·
1184 3770 1187 3775 ,

163 3822 266 3871 rantur.
