2600 4300
395 303 815 390 *dominumtuum
1007 296 1070 365 217

158 470 306 551 praelati?
333 473 409 533 item
429 473 618 534 monasmria
637 478 670 533 et
689 470 824 549 ordines,
848 476 879 531 et
907 468 1073 549 hospitalia

157 561 186 613 et
205 554 384 633 paroebiae.
427 555 461 616 ld
482 557 564 616 enim
584 574 648 616 non
676 562 781 634 potest
801 571 907 614 verum
930 550 1071 633 intelligi,

156 637 215 709 nisi
231 636 314 716 quod
336 638 391 698 tali
424 637 519 699 modo
552 639 641 697 nnius
676 656 753 716 opus
782 654 837 715 pro
865 635 963 695 altero
985 634 1071 695 setis·

154 719 231 797 feeit,
252 718 437 801 suffragatur
459 727 489 781 et
511 718 664 801 glorillest
684 720 792 781 Deum.

502 869 584 930 Dico
602 872 721 949 itaque:

230 982 426 1065 Quamquam
438 1004 499 1067 ego
510 1005 635 1067 prorsus
657 1006 719 1048 non
741 984 892 1066 intelligo,
913 982 1070 1063 quomodo

156 1069 214 1128 sint
232 1069 296 1129 ista
315 1071 426 1129 merita
449 1069 606 1129 militantis
628 1070 780 1129 eeclesiae
799 1070 831 1129 in
849 1088 942 1129 manu
962 1081 1072 1147 papae,

154 1159 253 1211 tamen
276 1153 400 1211 interim
422 1153 467 1212 sio
486 1153 538 1232 pie
560 1152 703 1229 credam,
732 1151 834 1213 donee
855 1170 927 1210 suus
948 1148 1070 1210 Gordus

154 1233 231 1293 buno
252 1234 369 1294 nodum
391 1234 549 1297 dissolvat.
572 1235 674 1295 causa
694 1240 807 1311 autem,
830 1250 923 1313 quare
944 1250 1006 1292 non
1028 1232 1072 1290 in·

153 1316 308 1397 olligens,
331 1325 379 1377 est
399 1318 488 1377 haee:

231 1399 345 1477 Prima,
367 1401 393 1460 si
414 1418 471 1480 pro
488 1400 660 1460 viventibus
672 1400 840 1461 viventium
855 1398 944 1460 offert
966 1410 1071 1475 opera,

153 1483 209 1541 iam
231 1501 297 1542 non
326 1482 435 1560 video,
464 1482 620 1563 quomodo
644 1484 684 1543 sit
711 1482 850 1543 remissio
872 1480 1019 1563 gratuita,
1042 1483 1073 1537 et

155 1583 212 1623 non
246 1566 350 1643 potius
382 1584 456 1625 vera
484 1572 515 1625 et
543 1567 622 1625 iuste
650 1564 818 1625 satislaotio
851 1572 882 1624 et
903 1560 1071 1643 persolutio

155 1646 308 1725 usquead
331 1648 531 1707 novissimum
553 1647 763 1726 quadrantem.
808 1646 894 1706 Lieet
926 1644 1006 1705 enim
1028 1640 1073 1701 illi

156 1747 213 1788 non
236 1736 391 1808 operetur,
415 1731 463 1788 eui
485 1728 520 1789 flt
540 1731 690 1807 remissio,
710 1730 762 1789 alii
785 1736 887 1789 tamen
906 1731 1073 1807 operantur

157 1821 184 1870 st
204 1810 405 1873 satisfaciunt.
427 1812 514 1872 Tune
534 1813 615 1872 euim
637 1812 668 1871 id
685 1812 746 1887 liet,
770 1811 852 1891 quod
876 1828 984 1871 omnes
1000 1826 1072 1868 oon·

157 1900 270 1953 stanter
289 1900 415 1973 negant,
438 1894 571 1968 seilicet,
599 1895 681 1973 quod
712 1892 887 1955 oonoedens
909 1896 1018 1953 oneret
1039 1908 1073 1950 se

156 1975 191 2035 sd
214 1976 471 2049 satislaotionem‚
494 1996 566 2037 vere
589 1979 669 2037 enim
693 1996 774 2057 papa
796 1984 868 2037 tuno
889 1994 950 2035 non
974 1973 1072 2033 remit·

157 2065 229 2117 teret
251 2057 305 2117 sed
332 2058 360 2132 ¹)
386 2060 592 2132 satisfaceret,
614 2060 734 2119 scilieet
754 2078 810 2140 per
830 2058 887 2119 sibi
910 2057 1073 2117 subieotos.

236 2140 394 2219 Secunda,
426 2142 507 2221 quod
531 2143 576 2203 sio
597 2142 700 2204 elavos
723 2142 872 2204 ecelesiae
895 2138 969 2201 nihil
991 2155 1074 2220 pror·

105 2284 106 2295 ,
161 2236 207 2284 sus
228 2225 375 2300 lacerent,
397 2225 456 2285 nisi
479 2224 643 2304 quodiam
667 2225 705 2286 de
727 2227 809 2286 laeto
824 2223 858 2285 lit
878 2226 909 2284 in
934 2221 1074 2298 ecelesia,

159 2307 244 2366 etiam
267 2309 335 2366 sine
357 2307 504 2370 clavibus.
537 2307 615 2368 Nam
639 2329 678 2369 ex
701 2309 770 2389 lege
792 2308 925 2367 caritatis
948 2303 1075 2384 quilibet
1154 2351 1160 2370 ,

160 2407 211 2467 pro
234 2390 373 2468 quolibet
395 2397 515 2451 leuetur
536 2409 632 2468 orare,
656 2399 687 2451 et
709 2391 868 2471 apostolus
887 2391 945 2449 eit:
987 2385 1076 2446 Alter

159 2470 276 2612 &erius
306 2488 403 2532 onera
430 2481 568 2552 portate,
597 2483 628 2533 et
661 2476 705 2534 sio
733 2471 939 2554 adimplebitis
972 2469 1073 2549 legent

202 2555 274 2614 risti.

234 2635 356 2713 Tertia,
390 2637 471 2716 quod
495 2657 608 2697 nomen
632 2635 841 2718 indulgentiae
863 2636 933 2696 buio
955 2640 1074 2694 senten·

162 2719 216 2778 tiae
234 2727 396 2799 repugnat,
420 2721 492 2798 quia
512 2719 605 2782 debet
625 2721 699 2782 illud
714 2721 884 2802 indulgere,
905 2719 1008 2795 idest,
1030 2735 1075 2777 re-

163 2801 292 2880 mittere,
325 2808 360 2860 ut
381 2821 442 2862 non
466 2801 559 2863 faeiat
581 2803 664 2882 quod
688 2803 780 2864 debet
801 2803 851 2883 ²),
883 2821 945 2862 non
972 2805 1074 2861 autem

136 2938 140 2946 .
162 2884 312 2962 imponere
334 2883 432 2963 alteri,
455 2885 503 2946 vel
525 2885 701 2966 impositum
725 2885 841 2961 dioere‚
865 2891 898 2944 ut
915 2883 1001 2943 indul
1024 2901 1075 2943 en-

163 2966 200 3024 tia
218 2984 343 3045 prorsus
361 2969 537 3047 exstinguat
557 2967 703 3048 debitum,
726 2973 898 3028 sonantem
916 2983 1000 3046 pera
1024 2983 1075 3024 um

165 3047 266 3109 solvat.
310 3047 413 3122 Quare
442 3050 561 3110 videtur
588 3052 709 3131 potius,
744 3053 810 3111 sine
837 3052 897 3110 isto
921 3050 1074 3124 thesauro,

162 3130 236 3190 nuda
262 3130 405 3191 suliieere
446 3140 585 3212 potestas
620 3133 750 3193 clavium
786 3133 825 3194 sd
856 3132 1074 3211 indulgentias,

164 3214 288 3272 maxime
310 3231 379 3273 eum
401 3216 573 3275 remittatur
593 3216 806 3276 tantummodo
830 3216 989 3289 canoniea,
1012 3227 1073 3272 non

114 3368 120 3383 .
147 3302 257 3376 *autem
279 3296 460 3376 evangeliea
481 3299 659 3358 satisfactio.
688 3299 749 3358 Aut
770 3300 877 3358 iterum
901 3297 951 3356 hio
973 3295 1074 3354 dioen-

167 3376 228 3435 dum
249 3380 315 3457 erit,
336 3387 370 3438 nt
392 3397 483 3459 supro
505 3380 543 3440 de
560 3382 741 3442 remissione
763 3382 871 3462 eulpae
894 3379 1074 3454 dictumest

168 3460 239 3537 quod
266 3462 310 3520 sie
340 3462 431 3522 etiam
452 3464 587 3523 remittat
615 3481 672 3544 per
697 3464 778 3524 huno
806 3463 979 3523 thesaurum
1002 3477 1075 3540 poe·

168 3561 226 3621 nas,
243 3541 274 3603 id
297 3550 354 3620 est,
376 3543 513 3606 declaret
533 3543 653 3626 idiloni,
676 3545 865 3626 quodetiam
888 3547 954 3605 sine
972 3561 1009 3603 eo
1031 3540 1075 3622 flt,

172 3689 510 3700 ——.--..—.....-.—.-

160 3809 166 3815 ,
215 3752 244 3817 1)
261 3753 291 3804 n
309 3752 353 3806 ss.
371 3753 432 3807 usn.
452 3753 546 3816 sesm
565 3753 623 3807 κει.
680 3753 712 3816 2)
734 3735 816 3806 lusu:
836 3752 922 3808 necet
