2600 4300
234 277 276 344 ot
486 279 643 350 ananus
662 277 697 336 n.
709 279 789 336 aaa.
809 277 920 336 nuum

234 448 286 513 uel
306 449 505 514 simulatione
525 448 612 529 dicis,
633 447 852 529 quodveuiae
871 449 933 510 sint
958 445 1085 526 aliquod
1104 445 1153 506 bo-

233 552 318 611 uum,
340 531 380 594 de
400 551 463 611 quo
484 534 559 594 satis
580 553 683 612 supra.

281 659 285 672 .
317 615 367 678 Ad
383 616 650 696 quadragesimam
685 615 864 694 septimam,
899 632 968 674 cum
1001 612 1057 674 tibi
1078 620 1155 674 asset

235 699 411 775 verissima,
440 706 543 760 mmen
565 701 638 777 quia
660 699 851 778 propositum
875 697 930 758 tibi
951 697 1022 772 tuit,
1044 695 1154 756 nullam

237 801 300 841 non
322 781 480 858 mordere,
501 782 575 843 licet
596 782 697 842 nullos
721 781 830 842 dentes
850 779 984 857 habeas,
1007 778 1046 838 ad
1069 779 1154 858 iusig-

236 883 307 923 nem
329 863 536 926 adulationem
559 884 661 944 papae
675 883 790 940 versus,
813 863 949 923 admittis
962 881 1031 922 esse
1046 881 1155 938 veram,

236 945 290 1006 sed
314 966 353 1006 ex
375 965 462 1042 papa
494 956 664 1007 monstrum
687 947 803 1006 iaciens
827 945 931 1006 tribuis
954 946 983 1004 ei
1005 945 1156 1022 utriusque

236 1035 400 1109 potestatrs
422 1031 541 1110 apicem
566 1031 700 1104 scilicet,
735 1035 768 1088 ut
790 1030 827 1088 sit
857 1029 946 1088 simul
969 1027 1109 1108 pontifex
1130 1037 1157 1086 et

235 1114 410 1193 imperator.
459 1112 506 1172 lta
535 1120 635 1172 autem
669 1113 790 1190 tribuis,
829 1117 862 1172 ut
899 1112 999 1190 possit
1032 1110 1155 1188 imperio

235 1195 340 1255 iubere
362 1214 419 1274 pro
441 1195 556 1254 fabrica
578 1195 609 1255 S.
631 1195 713 1254 Petri
743 1200 777 1253 ut
806 1213 861 1274 pro
886 1194 1043 1253 communi
1067 1191 1154 1254 bono.

235 1277 325 1337 Nunc
345 1285 447 1337 autem
474 1277 748 1356 incomparabilem
772 1275 954 1337 modestiam
984 1277 1012 1336 ei
1040 1276 1156 1335 interim

237 1361 395 1442 appingis,
424 1361 507 1440 quod
537 1362 614 1439 petit
641 1367 673 1440 et
694 1365 877 1420 remunerat.
924 1357 991 1418 Hac
1013 1365 1066 1418 tua
1087 1357 1156 1417 mcl-

236 1443 364 1518 lissima,
383 1443 440 1504 'sed
463 1444 685 1504 nocentissima
706 1441 884 1502 adulatione
906 1439 937 1502 id
959 1443 1042 1522 agis,
1066 1447 1099 1500 ut
1119 1441 1155 1500 fu-

237 1534 320 1586 turus
354 1525 464 1604 aliquis
486 1527 645 1606 pontifex,
677 1525 844 1605 laudum¹)
875 1525 963 1584 huius
993 1523 1155 1584 modestiae

237 1618 415 1688 pertaesus,
452 1608 499 1668 ius
531 1609 588 1669 sibi
617 1609 722 1668 credat
752 1627 821 1668 esse
850 1607 1037 1690 deglubendi
1071 1607 1154 1666 totius

240 1691 323 1751 orbis
345 1689 519 1768 Christiani,
542 1691 634 1770 idque
657 1712 725 1750 cum
747 1691 877 1772 imperio
901 1699 932 1759 et
953 1696 1119 1769 potestate.

322 1771 465 1834 Secundo
488 1774 567 1846 dico,
590 1774 673 1852 quod
696 1774 823 1834 basilica
846 1773 876 1834 S.
898 1771 983 1834 Petri
1010 1781 1152 1842 estcom·

240 1875 332 1916 mune
354 1857 468 1916 bonum
491 1857 574 1916 urbis
596 1857 725 1934 Romae,
748 1863 873 1918 nostrae
896 1864 997 1915 autem
1016 1855 1155 1915 basilicas

239 1945 310 1999 sunt
331 1939 420 2000 nobis
443 1940 580 1999 utiliores
603 1947 634 2000 et
650 1941 748 2018 magis
771 1939 983 2018 necessariae,
1007 1931 1154 2018 quianon

237 2041 401 2101 possumus
434 2042 542 2082 omnes
572 2022 610 2081 ad
634 2022 792 2084 basilicam
817 2021 846 2084 S.
870 2022 951 2082 Petri
985 2021 1153 2096 convenire,

238 2104 363 2167 verbum
386 2105 444 2165 Dei
464 2105 585 2184 audire,
622 2113 654 2165 et
680 2111 874 2165 sacramenta
900 2106 1060 2185 percipere
1086 2111 1154 2183 (qua

238 2188 306 2249 sola
329 2207 423 2248 causa
444 2188 679 2261 aedificantur),
699 2189 869 2268 meliusque
892 2196 984 2265 esset,
1007 2188 1090 2266 quod
1112 2188 1152 2247 ba-

238 2270 326 2331 silica
347 2271 378 2331 S.
400 2270 481 2331 Petri
504 2290 566 2331 uon
590 2270 819 2348 aedificaretur,
847 2289 938 2350 quam
967 2270 1051 2350 quod
1074 2288 1153 2349 paro-

201 2355 203 2358 ’
239 2353 353 2413 chiales
387 2361 512 2414 nostrae
546 2355 698 2414 ecclesiae
728 2354 949 2419 desolarentur.
1003 2353 1036 2413 Id
1059 2361 1151 2412 autem

238 2438 288 2515 agi
309 2436 448 2496 videmus
471 2444 502 2496 et
523 2436 680 2516 dolemus,
711 2436 783 2496 dum
807 2438 942 2497 omnium
961 2436 1150 2496 ecclesiarum

238 2519 374 2578 subsidia
394 2539 450 2599 per
469 2519 677 2599 indulgentias
705 2520 744 2579 ad
776 2519 981 2580 insatiabilem
1004 2518 1152 2579 basilicam

238 2601 268 2661 S.
292 2601 373 2661 Petri
395 2602 562 2661 trabuntur.

321 2682 423 2757 Quare
444 2686 519 2744 istas
541 2691 609 2745 tuas
623 2685 837 2765 frigidissimas
853 2683 999 2744 causandi
1015 2684 1151 2758 rationes,

194 2789 196 2793 ·
238 2766 372 2841 scilicet,
401 2766 483 2845 quod
506 2767 634 2827 basilica
655 2768 687 2827 S.
710 2766 791 2827 Petri
813 2776 861 2827 est
881 2768 974 2827 totins
998 2766 1151 2827 Christiani

237 2849 343 2929 populi
366 2849 498 2924 bonum,
528 2851 619 2910 etiam
644 2850 746 2910 rident
767 2850 926 2927 Germani,
951 2850 1030 2909 sicut
1050 2851 1149 2909 iustum

238 2938 293 2992 est.
338 2930 484 2994 Coenon
509 2934 606 3012 magia
627 2933 785 2992 basilicam
809 2932 829 2992 S
850 2933 1011 3010 iohannis,
1036 2940 1150 2992 matrem

237 3014 453 3090 eeclesiarum,
481 3017 574 3074 etiarn
605 3014 719 3075 bonum
754 3032 916 3075 commune
947 3016 1066 3075 vocas?
1100 3013 1149 3075 Sed

237 3098 316 3158 forte
335 3096 437 3156 adbuc
456 3099 489 3156 in
511 3099 617 3157 futuris
641 3100 729 3158 annis
753 3104 857 3182 restat,
879 3105 913 3157 ut
934 3114 1043 3158 omnes
1065 3097 1149 3158 eccle·

238 3182 299 3240 sias
320 3180 488 3256 Romanas,
512 3180 625 3241 deinde
647 3190 679 3241 et
701 3181 834 3260 palatia,
856 3181 1024 3241 novissime
1046 3188 1078 3241 et
1097 3200 1148 3240 mu-

236 3280 307 3338 ros,
342 3268 373 3321 et
402 3262 537 3341 plateas,
573 3271 605 3325 at
636 3272 749 3343 pontes
778 3264 890 3323 nostris
918 3264 976 3343 piis
1006 3264 1148 3343 operibus,

237 3346 336 3425 gratia
357 3346 515 3405 veniarum
538 3347 636 3422 factis,
660 3345 866 3424 aedificemus,
888 3354 1009 3407 utnon
1033 3348 1072 3405 sit
1091 3346 1147 3405 finis

237 3430 444 3488 exactionum.
485 3428 600 3504 Quare,
623 3430 665 3488 mi
687 3430 794 3506 Pater,
824 3448 882 3509 ego
906 3430 965 3507 sic,
993 3434 1028 3506 ut
1051 3428 1147 3503 debeo,

237 3510 354 3569 suadeo
376 3511 568 3589 hominibus,
600 3519 634 3571 ut
658 3512 793 3590 'primum
824 3513 902 3587 vivis
923 3511 1047 3591 templis
1069 3510 1147 3572 bene·

280 3793 298 3811 .·
311 3762 341 3823 1)
354 3754 391 3813 le
409 3763 452 3815 ed.
471 3765 547 3819 Jeme
566 3765 690 3821 laudem.
