2600 4300
375 302 413 356 ts
430 304 500 359 ma.
517 303 548 356 n.
567 303 636 357 sav.
655 305 805 359 anessae.
932 285 956 320 ⁸
1017 299 1058 368 ss

151 471 348 549 mandorum,
380 471 444 531 dixi
465 474 497 531 in
519 491 612 531 mann
633 489 734 552 papae
759 489 844 553 csse,
872 470 1086 550 utrordinet,·

151 556 252 633 mittat,
286 562 400 633 ponat,
434 556 512 614 sicat
534 557 658 634 corpori
678 555 829 616 ecclesiae
851 555 996 634 expedire
1017 556 1060 615 vi·

151 638 233 697 deret.
276 637 363 697 Haec
392 645 493 698 uatem
521 647 593 698 sant
617 638 898 718 incomparabiliter
927 639 1059 699 maiores

150 721 273 801 gratiae,
308 737 401 799 quam
422 722 541 782 veniae.
582 721 691 780 Melius
713 721 786 781 iacit
806 723 887 780 enim
909 739 1005 800 papa,
1034 721 1060 781 si

98 866 99 871 ,
152 821 235 863 anam
255 802 552 883 bonam'pastorem
584 805 635 862 ani
658 804 808 863 ecclesiae
824 803 1059 884 praefeceritl),
1147 875 1153 890 .

98 882 99 899 ³
151 904 232 965 qaam
272 887 299 944 si
330 905 439 947 omnes
475 887 564 946 simul
594 887 800 967 indulgentias
832 887 961 950 dederit.
1014 885 1060 946 Tu

150 976 239 1030 autem
268 971 301 1028 in
335 987 499 1048 personam
530 977 647 1029 tantum
675 971 763 1029 haias
796 970 908 1029 Leonis
942 970 1061 1029 Decimi

151 1056 288 1128 intentae,
305 1053 385 1110 sicut
400 1053 491 1111 decet
501 1053 680 1131 graphicum
694 1053 895 1131 adulatorem,
915 1053 1060 1132 intelligis

149 1139 172 1194 in
191 1133 294 1194 verbis
315 1135 433 1212 alienis,
456 1134 598 1213 quicquid
611 1135 755 1214 volueris,
779 1141 810 1195 et
826 1143 927 1195 tamen
944 1136 1060 1196 detrae-

151 1231 191 1278 tur
211 1224 245 1276 et
265 1217 469 1284 calumniator
490 1236 560 1277 esse
581 1237 645 1277 non
667 1219 730 1280 vis.

224 1300 261 1360 In
283 1302 515 1380 septuagesima
535 1302 666 1380 septima
687 1301 760 1360 mihi
780 1319 842 1360 non
857 1299 965 1379 credis,
988 1300 1061 1379 quid

99 1388 103 1412 ”
149 1383 181 1442 ad
203 1383 272 1442 me?
295 1401 352 1461 per
373 1383 434 1442 hoc
453 1383 542 1442 nobis
563 1401 626 1443 non
648 1382 683 1442 fit
704 1385 787 1462 satia,
811 1385 915 1444 amnia
938 1385 1060 1443 illorum

149 1468 248 1545 optimi
280 1466 433 1544 consulis,
465 1467 523 1524 nisi
550 1466 634 1545 quod
662 1475 820 1546 respector
850 1485 1061 1546 personarum,
1160 1527 1167 1533 ,

149 1568 210 1608 mee
229 1549 325 1607 salias
346 1550 473 1627 pessimi
495 1551 640 1610 consulis.

222 1633 254 1690 ln
284 1634 514 1710 septuagesima
543 1642 656 1692 octava
689 1651 747 1692 nec
779 1634 979 1692 excusatione
1011 1651 1060 1692 me

150 1715 284 1794 dignaris.
316 1713 408 1792 Quod
431 1724 478 1774 est
496 1716 577 1774 istud
601 1733 715 1775 novum
730 1715 1061 1795 Silvestrinuml'oram,

150 1800 175 1856 in
195 1817 253 1876 qao
276 1815 334 1857 reo
357 1804 488 1877 negatur
520 1798 700 1860 excusatio?
733 1799 787 1858 sed
822 1800 944 1858 obtorto
976 1798 1060 1858 collo

149 1883 253 1959 rapitur
274 1880 314 1939 ad
338 1879 538 1940 abiurandam
562 1881 731 1960 haeresim,
767 1884 806 1940 sit
838 1883 904 1942 sive
931 1899 993 1941 non
1025 1882 1064 1942 sil

150 1961 336 2026 haereticas?
380 1963 441 2023 Sed
472 1964 522 2023 abi
550 1983 623 2023 vcra
644 1983 717 2024 mea
740 1983 803 2024 nun
826 1973 914 2043 potes
936 1981 1061 2044 negare,

152 2048 248 2106 saltem
269 2064 437 2124 personam
458 2065 560 2107 meam
582 2050 666 2107 omni
688 2047 788 2107 studio
813 2047 974 2108 contendis
1006 2065 1061 2126 op·

152 2132 279 2210 primere.
326 2129 451 2190 Utinam
473 2137 574 2191 tecam
596 2131 669 2190 mihi
691 2132 812 2207 liceret,
838 2138 869 2211 et
890 2131 1062 2211 corpusculi

155 2216 334 2293 permitteret
355 2214 548 2273 imbecillitas
571 2232 676 2273 coram
703 2214 741 2273 de
763 2215 838 2293 iia2)
872 2215 962 2274 rebus
992 2232 1063 2274 con-

153 2299 229 2358 terre.
272 2297 346 2356 Non
369 2296 475 2357 dubito
499 2316 547 2356 mc
570 2306 686 2356 tantam
710 2298 763 2357 tibi
786 2308 996 2374 ostensarum,
1029 2304 1063 2357 at

155 2381 248 2439 saltem
272 2379 444 2439 modestius
466 2379 613 2459 deinceps
634 2379 817 2459 disputares.
846 2380 932 2440 Haec
953 2389 1002 2440 eat
1023 2379 1062 2439 de

156 2463 419 2542 propositionibus.
459 2462 578 2540 Cetera,
600 2462 703 2542 credo,
725 2462 848 2541 videris,
870 2472 923 2523 aut
945 2461 1062 2524 videbis

157 2546 181 2603 in
200 2544 459 2605 declarationibus
482 2547 568 2605 meis.

224 2627 274 2687 Ad
304 2629 520 2705 quaestionum
554 2646 627 2689 vcro
661 2628 807 2688 laicarum
836 2630 1063 2689 confutationes

160 2711 229 2770 volui
251 2712 421 2789 quiescere,
443 2710 499 2770 sed
520 2711 628 2771 incidit
649 2723 680 2771 ct
700 2714 851 2791 permovit
869 2720 1063 2792 perspectum

159 2795 209 2853 ianr
227 2804 311 2853 taum
331 2795 506 2873 ingenium,
541 2802 573 2854 et
597 2794 721 2854 avidum
743 2797 890 2855 victoriae
914 2804 946 2855 et
966 2798 1063 2875 impo-

160 2883 215 2935 tens
235 2894 369 2957 pugnae:
408 2874 483 2937 ideo
504 2878 531 2936 si
551 2896 678 2957 possam
700 2880 805 2956 paucis
829 2878 1035 2957 respondebo.

228 2961 276 3019 Ad
298 2960 438 3038 primam,
460 2978 529 3019 cam
550 2963 677 3040 longum
699 2961 774 3020 illud
795 2961 998 3023 Taratantara
1019 2964 1063 3022 in-

162 3041 302 3120 duxisses,
331 3042 382 3101 abi
418 3044 499 3102 inter
530 3050 634 3103 cetera
657 3046 748 3103 etium
772 3047 912 3104 meritum
935 3046 1064 3125 congrui

163 3132 188 3182 et
205 3126 464 3204 praeparationem
496 3125 628 3205 hominis
659 3128 697 3186 ad
730 3129 859 3207 gratiam
887 3130 1063 3188 necessario

164 3208 330 3285 praecedere
350 3207 512 3269 docuisses
531 3210 715 3269 inlusionem
734 3213 865 3289 gratiae,
889 3230 967 3289 quse
992 3212 1062 3271 hae·

164 3292 227 3349 renis
255 3293 313 3351 iam
343 3291 466 3369 quidem
500 3312 555 3371 pei·
575 3293 738 3352 ecclesiam
760 3294 938 3371 praevalida
959 3294 1064 3372 copiad

167 3374 269 3433 sissima
290 3374 464 3433 contbditar
483 3394 504 3433 a
525 3376 558 3437 B.
593 3374 765 3455 Augustino
798 3384 905 3436 contra
926 3376 1062 3456 Pelagin-

167 3473 230 3534 nos,
259 3464 289 3517 ct
322 3458 353 3515 in
385 3467 495 3520 nostra
520 3459 759 3536 univcrsitnte³l
796 3460 899 3539 coepit
927 3458 1063 3539 explodi.

171 3720 257 3842 del)
277 3720 360 3775 lbra:
388 3722 541 3789 perfecerit.
588 3722 621 3790 2)
641 3718 788 3789 Ibidznis.
843 3722 874 3790 3)
894 3720 985 3791 laidi,
1004 3736 1063 3775 acc·

196 3806 251 3846 mn.
