2600 4300
238 332 302 404 408
467 333 595 405 Epistola
612 334 739 395 Thomas
755 334 841 393 caret.
861 335 943 391 card.

237 506 339 569 sosius
360 505 476 569 Fratris
497 505 645 585 Matini,
682 507 733 587 qui
755 505 898 587 probavit
919 513 953 567 et
975 502 1156 567 collaudavit

237 595 412 652 traeiawm.
702 620 707 628 -
1068 638 1073 645 .

319 672 416 733 Jaous
436 671 484 733 bis
497 670 714 751 fundamentis,
738 691 806 733 oum
825 672 906 733 bene
927 690 1088 753 sperarem
1100 688 1158 731 om·

237 757 299 832 nia,
317 754 477 835 proiectus
497 760 546 815 eat
564 754 638 816 bino
658 754 740 816 idem
752 756 902 834 Viearius,
925 754 1098 815 insalutato
1111 752 1159 813 bo-

237 839 328 925 spito,
351 857 389 898 so
409 857 461 900 ma
475 838 721 901 omuinainsoio.
742 838 959 919 subsequtuus
982 844 1031 899 est
1053 834 1160 897 deinde

237 922 345 983 Frater
364 921 512 983 Martinus
535 926 568 981 et
586 922 664 983 soeii
687 922 763 1001 eius,
786 921 922 1001 mihique
939 921 1081 997 omnino,
1102 919 1159 979 imo

238 1004 308 1084 sibi,
331 1003 469 1085 perbelle
489 1003 658 1065 illuserunt.
683 1005 799 1085 Accepi
822 1006 940 1065 interea
961 1004 1078 1065 Fratris
1088 1002 1160 1063 Mar-

237 1090 294 1149 tini
315 1089 430 1166 literas,
452 1085 563 1167 quibus
586 1088 663 1167 petit
684 1086 817 1148 fuoutam
841 1088 980 1164 veniam,
1006 1105 1071 1147 non
1095 1084 1160 1146 ideo

237 1190 313 1233 vero
335 1176 463 1231 revoeat
483 1168 649 1231 maledieta
670 1176 701 1231 et
716 1170 872 1249 seandala,
896 1188 977 1249 quae
991 1168 1161 1230 oatbolioae

239 1254 392 1316 aeolesiae
411 1253 548 1315 incussit„

319 1336 399 1417 Ego,
415 1335 620 1397 illustrissime
630 1335 787 1415 Princeps,
809 1335 1038 1397 iraudulentum
1051 1333 1161 1395 matus

239 1421 361 1482 Martini
394 1426 426 1479 et
454 1419 636 1498 sequaoium
659 1418 820 1480 eonsilium
849 1438 913 1481 non
944 1418 1048 1479 solum
1072 1411 1161 1477 admi·

238 1509 323 1566 ratus
344 1522 422 1581 aum,
443 1521 549 1563 verum
571 1503 665 1562 etiam
684 1520 808 1582 prorsus
831 1502 990 1582 perhorrui
1013 1506 1046 1561 et
1064 1500 1162 1561 obstu-

237 1589 300 1670 pui.
329 1585 406 1647 cum
433 1585 516 1646 enim
543 1583 583 1645 de
608 1583 693 1645 bona
720 1584 802 1645 illius
832 1584 1008 1645 valetudine
1030 1584 1162 1643 maxime

238 1688 403 1752 sperarem,
424 1668 557 1751 maxime
578 1686 646 1727 sum
659 1666 828 1729 frustratus.
849 1666 920 1729 Non
939 1666 1031 1728 video
1050 1671 1161 1740 tamon,

238 1754 323 1813 euius
345 1751 458 1812 bdueia
477 1750 556 1811 haee
576 1756 658 1831 agae

320 1836 356 1896 ln
378 1852 473 1894 cama
499 1852 574 1895 vero
595 1835 654 1893 tria
675 1832 901 1897 affirmaverim.
929 1833 1051 1909 Primo,
1084 1831 1162 1893 diota

239 1920 351 1981 Fratris
379 1916 501 1977 Martini
529 1916 562 1975 in
591 1914 848 1977 Conclusionibus
877 1916 939 1975 suis
976 1915 1160 1995 disputative

241 2020 312 2063 assa
333 2002 446 2083 posita,
467 2000 499 2059 in
514 1998 708 2059 sermonibus
726 2005 829 2060 tamen
853 1998 892 2059 ab
914 2016 953 2059 ao
977 1998 1102 2080 seriptis
1125 1998 1161 2061 af-

238 2084 389 2147 firmative
411 2088 444 2143 et
465 2082 613 2142 assertive
634 2100 705 2141 esse
725 2082 841 2163 posita,
870 2086 902 2142 et
929 2080 1113 2143 confirmata
1134 2082 1160 2141 in

239 2169 358 2250 vulgari
379 2166 567 2247 germanioo,
588 2172 623 2224 ut
642 2166 737 2226 aiunt.
767 2165 814 2226 Ea
835 2161 936 2226 autem
960 2173 1032 2226 sunt
1052 2167 1159 2246 partim

240 2258 352 2314 eontra
380 2249 553 2309 doetrinam
581 2247 783 2328 Apostoiioae
805 2248 910 2326 Sedis,
947 2250 1159 2329 pertimuere

240 2332 440 2408 damnabilia.
467 2331 508 2392 m
539 2329 643 2391 eredas
666 2331 738 2391 mihi
760 2331 964 2391 illustrissima
984 2331 1159 2392 Dominatio

139 2439 149 2457 ·
240 2423 352 2493 vestra,
375 2415 448 2494 quia
469 2433 543 2474 vera
564 2411 635 2474 dieo
658 2420 688 2473 at
710 2413 834 2493 loquor.
857 2433 896 2474 ex
918 2420 1003 2474 aeria
1025 2413 1159 2490 seientia,

241 2519 304 2562 non
327 2517 367 2559 ex
389 2496 595 2577 opinionibus.

322 2579 474 2659 Secundo,
493 2578 729 2640 illustrissimam
752 2580 836 2640 illam
859 2585 991 2640 vostram
1011 2577 1154 2638 Domina·

239 2667 356 2728 tionem
376 2664 485 2725 horter
505 2669 537 2723 et
556 2680 644 2742 rogo,
669 2663 811 2723 oonsulat
825 2662 937 2724 honori
959 2661 1156 2722 etoonsoien-

240 2750 302 2810 tiae
322 2765 415 2824 auae,
449 2744 499 2806 vel
522 2744 671 2805 mittendo
694 2745 829 2806 Fratrem
852 2745 1014 2806 Martinam
1045 2741 1085 2804 ad
1106 2743 1156 2804 Ur-

240 2831 321 2908 bem,
344 2829 393 2890 vel
415 2827 667 2890 eiioiandoextra
687 2834 783 2890 terras
805 2846 887 2906 suas,
908 2819 1074 2908 postquam
1098 2845 1155 2887 non

239 2914 306 2974 vult
324 2917 453 2994 paterna
472 2910 525 2972 ria
545 2929 680 2971 errorem
701 2931 788 2972 sunm
812 2927 1003 2991 eognosoere
1038 2915 1072 2969 et
1091 2927 1154 2969 eum

240 2995 405 3058 universali
427 2993 560 3054 aeclesia
580 2992 661 3054 bene
682 2995 805 3070 sentire.
944 3031 947 3036 -

244 3099 247 3104 ·
323 3079 508 3155 Postremo,
540 3076 616 3138 iliud
646 3077 724 3138 neiat
750 3076 954 3138 illustrissima
981 3074 1155 3136 Dominabiu

155 3234 159 3247 1
239 3169 361 3240 vestra,
389 3177 583 3239 nequaquam
605 3159 667 3221 hoe
687 3167 751 3220 tam
771 3179 866 3242 grave
888 3165 919 3220 et
939 3157 1089 3238 pestilens
1110 3175 1155 3216 ne·

238 3246 358 3328 gotium
378 3261 473 3324 pesae
493 3241 544 3302 diu
566 3241 709 3321 haerere,
740 3263 810 3304 nam
834 3243 953 3304 Romae
972 3255 1154 3323 ¹pqosequen·

166 3370 169 3379 ι
240 3337 289 3389 tur
310 3345 456 3405 eausam,
490 3323 613 3404 quando
635 3345 702 3407 ego
718 3325 779 3386 lavi
802 3345 909 3386 manus
933 3342 1034 3402 meas,
1069 3330 1100 3384 et
1120 3320 1155 3382 ad

239 3411 463 3471 sanctissimum
486 3407 667 3484 Dominum,
689 3408 855 3469 Dominum
875 3414 1034 3484 nostrum,
1060 3405 1154 3466 buius·

241 3491 362 3552 oemodi
382 3490 507 3551 fraudes
527 3491 645 3570 scripsi.
1120 3563 1124 3570 ⁴

324 3573 408 3632 Bene
429 3580 461 3633 ot
479 3572 607 3632 felieiter
627 3573 733 3634 valeat
753 3573 948 3634 Excellentia
969 3576 1090 3649 vestra,
1110 3569 1152 3630 oui

152 3716 155 3727 .
241 3669 291 3711 ma
317 3653 423 3714 intime
454 3653 649 3716 eommendo.
687 3656 736 3715 Ex
758 3657 898 3736 Augusta
918 3653 1151 3729 Vindelieonrm,

241 3730 334 3792 XXV.
354 3733 408 3794 ‘die
430 3733 572 3796 Octobris
593 3755 676 3798 anno
699 3737 739 3800 Μ.
747 3738 784 3799 D.
792 3738 901 3800 XVIII.
