2600 4300
400 324 435 380 dc
453 322 558 380 virtuts
574 283 830 397 indulgentiarum
1015 322 1078 393 166
1109 326 1113 337 ”

155 509 218 554 rum
243 493 444 572 observator,
471 496 499 556 is
519 500 624 557 tamen
644 496 743 577 liniet.
767 500 815 561 17.
838 496 890 559 lin.
913 500 941 561 3.
963 498 1078 578 prusci-

152 578 197 657 pit
215 594 333 656 pacem
353 577 487 639 dandam
507 579 554 655 iis,
578 580 629 657 qui
650 580 789 661 periculo
804 581 911 641 mortis
933 586 1004 641 sunt
1016 578 1078 664 ob»

151 660 246 734 noxii,
270 667 307 721 ut
327 660 367 721 ad
377 661 545 721 Dominum
568 679 636 721 cum
652 678 729 743 pace
746 660 881 741 veniant,
902 663 984 723 lactc
1004 672 1077 727 εοε-

149 742 287 803 sessione
315 759 372 804 sua
403 744 453 805 vel
479 743 678 825 presbytero,
707 745 757 805 vel
785 745 935 825 diacono,
962 752 997 807 ut
1022 746 1077 806 ibi·

150 824 217 885 dem
242 824 329 886 dicii.
371 826 414 886 At
434 823 519 887 istic
541 829 627 907 pacis
648 827 703 887 illa
723 828 799 887 nihil
820 833 890 907 est,
920 845 1011 907 quarn
1033 828 1075 907 id,

149 906 232 987 quod
256 926 342 969 nunc
374 910 517 969 remissio
539 909 680 991 plenaria
702 918 846 989 vocatur,
875 917 909 971 ut
929 917 1015 991 putet
1032 912 1076 971 iu·

148 992 255 1051 tuenti.

227 1072 464 1134 Concludamus
486 1093 572 1154 ergo,
594 1074 678 1154 quod
701 1094 837 1136 canones
860 1076 1004 1136 nonnisi
1027 1076 1075 1135 vi-

147 1154 302 1236 ventibus,
325 1176 387 1217 neo
407 1158 445 1217 iis
466 1158 528 1219 nisi
549 1159 633 1217 sanis
657 1165 689 1218 et
709 1157 883 1219 valentibus
894 1158 1075 1237 imponendi

148 1244 225 1315 sunt,
248 1239 316 1299 imo
340 1258 403 1300 nou
426 1240 485 1299 uisi
507 1241 612 1320 pigris,
637 1246 669 1301 et
689 1242 740 1319 qui
757 1248 868 1321 sponte
890 1260 946 1301 sus
961 1240 1075 1301 melius
1150 1235 1153 1243 ’

126 1340 240 1400 ,cgere
262 1322 386 1382 nolunt.
429 1320 519 1406 Haec
541 1329 626 1384 certe
655 1340 717 1383 nou
748 1329 809 1383 tam
832 1324 894 1384 laic
914 1322 1074 1403 produxis-

149 1423 229 1479 sem,
262 1405 291 1482 si
313 1424 378 1465 nou
400 1406 510 1465 scirem
532 1405 682 1484 quosdam
707 1407 798 1466 nimis
821 1406 971 1467 tenaciter
993 1424 1074 1467 csse·

146 1504 214 1546 rere
235 1489 439 1566 contrarium,
461 1488 545 1567 quod
566 1494 670 1549 tamen
692 1488 777 1549 nulla
791 1488 983 1569 viaprobsrs
1004 1503 1073 1569 pos-

147 1575 225 1644 sunt,
249 1587 328 1629 narn
351 1571 459 1630 sicum
472 1571 643 1650 ingeniosis
656 1577 687 1631 et
708 1570 832 1632 cruditis
847 1572 1073 1651 vallemagna,

148 1652 258 1712 melius
278 1659 430 1728 tacerem,
453 1671 544 1732 quarn
567 1654 719 1732 loquerer.

226 1736 273 1795 As
294 1735 347 1795 hic
369 1736 451 1796 dicat
470 1736 597 1814 aliquis:
639 1736 692 1797 Sic
713 1737 744 1809 1)
777 1736 879 1797 dicero
908 1742 956 1796 cst
971 1736 1073 1797 'nimis

149 1816 302 1877 vilificare
322 1818 547 1899 indulgentias,
577 1818 603 1877 si
629 1819 730 1879 solum
752 1820 921 1879 canonicae
941 1836 1074 1899 poenus,

147 1918 203 1959 nec
227 1918 343 1960 ornnes
365 1908 485 1976 minen,
507 1920 568 1961 nec
587 1902 646 1961 nisi
668 1902 850 1963 huiusvitce
870 1902 1072 1963 remittuntur.

148 1982 360 2062 Respondeo:
382 1984 521 2044 Praestat
541 1984 617 2044 viles
638 1984 706 2044 lieri
725 1984 950 2065 indulgentias,
979 2002 1072 2066 quam

149 2081 271 2126 crucem
295 2065 408 2127 Christi
431 2068 583 2141 evacuari,
605 2073 638 2126 et
659 2067 767 2127 melius
791 2073 839 2127 est
859 2066 936 2129 viles
959 2066 1072 2129 habers

148 2149 370 2230 indulgentias,
393 2169 484 2229 quam
506 2149 621 2229 aliquid
642 2151 674 2210 iu
697 2150 967 2229 acclesiauocerc,
990 2149 1072 2228 quoti

150 2232 284 2296 fictionis
307 2235 408 2313 possit
429 2235 515 2314 argui
536 2234 568 2294 in
590 2233 742 2294 ecclesiae
761 2233 983 2294 confusionem.
1004 2233 1072 2314 Ego

149 2335 220 2376 saue
241 2315 344 2376 libero
364 2317 466 2387 fronto
482 2315 634 2377 confiteor
648 2323 916 2397 atqueprotestor,
938 2333 1070 2376 menon

150 2417 340 2479 magnopere
363 2418 470 2460 curare
491 2397 709 2479 indulgentias,
731 2397 834 2478 quoad
855 2400 1070 2460 remissionem

149 2500 319 2559 poenarum
347 2480 395 2560 (in
418 2501 479 2560 qua
499 2481 545 2540 illi
567 2481 848 2561 congloriemur),
871 2481 924 2542 sed
940 2482 1074 2542 maxime

150 2582 292 2640 veneror,
315 2563 495 2644 amplector,
516 2563 655 2644 gratulor
676 2563 707 2624 iu
730 2565 785 2640 eis,
807 2563 1072 2644 quoadremissio-

152 2666 217 2706 uem
237 2646 367 2727 culpae,
395 2646 562 2707 secundum
592 2665 715 2708 sensum
742 2665 843 2706 meum
872 2665 965 2727 supra
991 2646 1072 2726 posi·

153 2728 222 2808 tum,
247 2749 341 2808 quern
363 2726 408 2788 illl
430 2727 544 2788 nullam
567 2747 637 2789 esse
659 2735 768 2810 putant
793 2729 837 2808 ²).

219 2809 312 2872 'Huic
341 2818 471 2872 οειενεε
499 2811 640 2872 obiicitur
666 2813 761 2894 pugio
788 2829 866 2871 uuus
901 2807 1072 2890 plumbeus,

154 2895 232 2972 quod
255 2895 403 2955 videlicet
434 2896 466 2954 in
487 2893 601 2955 iuribus
623 2895 791 2972 iuvenitur,
814 2893 906 2956 etiam
930 2895 1069 2952 mortuos

154 2978 421 3055 excommunicari,
442 2984 475 3037 ut
495 2995 569 3056 prae
590 2977 700 3038 ceteris
729 2982 858 3038 testatur
879 2976 946 3036 cA
969 2973 1070 3050 nobis,

143 3059 509 3121 ‘extradesenex'comz
531 3057 630 3134 Quam
646 3059 803 3136 timebam,
825 3079 864 3119 ne
887 3057 1073 3118 ctiamin've-

155 3143 209 3202 uiri
229 3141 370 3204 dicerent
391 3160 509 3222 poenas
531 3141 707 3218 sensibiles,
730 3149 761 3202 ει
782 3141 1007 3203 satisfactiones
1029 3139 1072 3200 iu·

156 3223 214 3306 fligi
234 3225 373 3287 mortuis.
417 3225 459 3286 At
480 3224 559 3284 benc
581 3228 637 3299 est,
660 3224 742 3306 quod
764 3229 881 3286 tautum
895 3239 1070 3283 excommu-

157 3307 247 3368 nicari
270 3308 414 3368 dixeruut
435 3314 583 3382 mortuos,
605 3307 649 3367 ita
671 3313 702 3367 ει
714 3307 833 3370 absolvi
849 3312 997 3380 mortuos,
1019 3321 1071 3362 ue·

159 3408 204 3450 mo
228 3392 348 3470 estqui
372 3395 474 3472 negat.
509 3387 578 3450 ced
601 3389 674 3469 quid
701 3391 761 3450 ista
789 3387 942 3454 absolutio
965 3385 1004 3446 ad
1026 3403 1071 3445 rc-

159 3471 331 3534 missionem
349 3471 539 3553 poeuarum?
560 3471 717 3534 Haeccine
734 3479 781 3533 est
801 3471 854 3554 illa
874 3469 1072 3531 subtilissima

161 3553 331 3635 dialectica,
363 3555 430 3616 siue
463 3553 665 3636 qua'doceut
690 3573 752 3615 non
775 3547 840 3616 fleri
860 3547 1070 3634 theologum?

160 3636 232 3700 torte
252 3639 284 3699 iu
296 3639 401 3718 quinta
411 3637 508 3720 ligura
525 3642 611 3700 terret
630 3637 686 3698 illa
700 3639 929 3718 consequentis.
952 3633 1070 3713 'Aliquis

193 3814 222 3882 1)
239 3815 272 3869 Iu
291 3813 332 3870 ed.
351 3814 426 3870 icc:
447 3815 480 3871 si.
517 3813 550 3883 2)
569 3816 653 3874 ibid-s
672 3821 776 3886 putent
