2600 4300
551 356 652 413 lanais
672 355 703 414 Χ.
1025 349 1089 418 429

167 510 352 605 Gerdluulis,
371 524 808 591 ad-Caesareamlleieelatem
821 531 878 584 eto.
901 521 992 583 Sedis
1004 522 1088 604 Apol

166 606 300 667 stelione
322 607 361 668 de
392 609 489 670 latare
509 609 631 690 legati,
664 608 726 667 sita
751 607 783 666 in
810 605 997 666 monasterio
1020 605 1088 674 Fra·

166 696 248 750 trum
274 689 530 754 conventualium
558 691 589 754 Β.
620 690 774 752 Franoisoi
810 687 917 769 oppidi
942 687 1090 769 prandisti

161 771 206 832 ad
229 772 310 834 inire
332 776 446 856 soripta
470 795 526 856 per
552 772 753 836 reverendiss.
776 771 957 850 Dominum,
985 771 1089 834 Domi·
1148 823 1150 830 ,

162 853 475 936 αιιωῦατάἱυαΙωηζ
489 858 636 938 Legatum
659 854 772 919 ibidem
794 853 995 934 personaliter
1017 870 1089 916 oon·

165 938 309 1000 stitutum
330 942 506 1020 requisitus,
527 949 560 1000 ut
575 938 750 1019 exemplum
774 955 828 998 aen
850 943 1089 1018 transsumptum

164 1020 335 1082 literarum
350 1023 600 1104 apostolioamm,
621 1019 790 1101 dequibus
810 1019 889 1083 inira
907 1019 943 1080 lit
964 1019 1121 1098 reontio,p

164 1110 199 1164 et
225 1121 356 1182 quarum
388 1113 478 1168 tenor
497 1104 711 1181 subinearitor,
744 1102 895 1182 insistens
916 1101 1091 1164 authentica

165 1187 373 1263 eonlioerem,
415 1207 531 1268 easque
564 1198 818 1262 transsumentem,
857 1193 887 1245 et
922 1185 1088 1246 earundem

162 1287 274 1330 seram
287 1272 508 1351 oopiam‘sive
529 1274 767 1350 transsumptum
788 1269 943 1347 lacerem,
966 1275 997 1330 et
1018 1287 1088 1342 qum

165 1352 371 1431 originalibus
392 1353 465 1415 mihi
485 1353 616 1432 Notario
647 1353 728 1414 infra
755 1352 869 1431 seripto
896 1369 951 1432 per
971 1349 1088 1432 presta

164 1443 230 1494 tum
264 1436 551 1498 reverendissimum
580 1436 748 1497 Dnmiwm
768 1434 914 1514 Legatum
946 1451 1090 1514 proesen-

165 1518 238 1577 tatis
261 1527 293 1578 et
313 1520 429 1580 traditis
459 1519 706 1593 collationarem,
745 1524 776 1578 et
807 1517 889 1577 iente
924 1516 1089 1578 oollatlone

165 1607 427 1682 transsumptum,
460 1603 527 1662 sive
547 1603 670 1682 sopiam
693 1599 865 1662 huiuamodi
883 1602 913 1659 iu
936 1598 1087 1680 publieam
1145 1607 1148 1614 '

164 1681 298 1744 formam
323 1684 502 1765 redigerem,
522 1702 650 1764 quarum
674 1683 830 1744 literarum
847 1683 1088 1762 apostolieum·

165 1775 241 1845 post
260 1769 506 1828 reverendissimi
529 1767 668 1846 Domini,
696 1765 821 1826 Domini
844 1764 1014 1826 Oardinalis
1035 1765 1089 1828 Iae-

165 1849 232 1927 guti
255 1849 422 1911 earundem
438 1851 653 1910 insinuationis
668 1848 828 1910 exordium
841 1847 920 1909 infra
931 1850 1090 1930 seriptum,

166 1941 260 1992 tenor
279 1933 475 2012 subsequitur
497 1940 535 2014 et
549 1941 596 1993 eet
617 1932 702 1994 tulis:

250 2014 418 2077 'moues
451 2017 646 2077 miseratione
678 2014 796 2089 divino,
829 2011 921 2076 Tituli
949 2011 979 2074 s.
1013 2012 1089 2074 siuti

165 2095 219 2160 Sa.
244 2096 303 2160 Ro.
324 2099 484 2161 lloolesiae
506 2097 669 2180 Presbyter
693 2095 880 2173 Dardiuelis,
915 2095 954 2157 ad
978 2095 1089 2158 Dassa·

166 2188 252 2240 r‘eaur
288 2185 477 2243 maiestatem
499 2192 558 2243 eto.
580 2180 780 2262 Apostolioae
812 2178 899 2241 Sedis
933 2179 971 2240 do
994 2179 1088 2241 latere

167 2262 317 2343 laegatus,
348 2268 497 2326 universis
525 2275 556 2325 et
584 2265 711 2343 singulis
743 2255 1087 2345 Dominis,·drohiepi·

172 2349 292 2429 acopis,
324 2348 504 2429 Episcopis,
537 2348 709 2427 ueterisque
740 2346 876 2407 lusorum
910 2344 1088 2426 Ordinariis,

166 2430 304 2491 Salutem
326 2433 356 2491 in
369 2431 518 2509 Domino,
534 2432 735 2509 sinceraeque
748 2428 918 2489 dileetionis
935 2426 1088 2511 allectum,

168 2521 198 2577 et
218 2514 434 2595 praetentione
454 2512 545 2573 fldem
572 2511 729 2573 indubiam
759 2509 912 2572 sdhlbere.
956 2509 1088 2571 Sanotie·

168 2603 264 2660 simus
285 2599 317 2656 in
340 2596 562 2663 Obriatol’ater
582 2602 614 2655 et
631 2595 781 2655 Dominus
803 2602 917 2670 noster,
938 2592 1088 2655 Dominus
1195 2628 1198 2635 ·

167 2684 241 2756 leo,
264 2680 369 2740 divine
390 2678 583 2759 providentia
603 2678 706 2757 Papa,
729 2677 882 2754 (lenimus,
904 2694 976 2737 suas
998 2674 1088 2739 nobis

167 2764 336 2827 transmisit
356 2763 469 2838 literas,
491 2780 561 2843 oum
575 2779 648 2821 vere
660 2759 747 2821 Bulla
768 2758 912 2839 plumbea
929 2778 997 2818 oum
1016 2759 1089 2821 Gor·

168 2848 247 2909 dulia
281 2865 322 2905 ex
343 2845 490 2925 canopo,
522 2860 608 2904 more
628 2842 790 2903 Romam
811 2842 920 2903 Duriae
947 2840 1088 2922 bullatas,

166 2948 260 2991 sanas
282 2928 433 3008 siquidem
456 2936 487 2987 et
507 2928 658 3005 integras,
681 2944 743 2986 non
767 2924 905 3005 vitiatuse
932 2942 994 2986 nou
1018 2944 1088 2987 oen-

166 3013 311 3088 oellatas,
346 3029 403 3071 neo
436 3011 467 3071 in
489 3008 593 3087 αΙὶφια
624 3009 672 3068 sui
704 3015 791 3087 parte
807 3015 1001 3088 suspeotas,
1033 3007 1089 3069 sed

167 3096 251 3159 omni
273 3111 401 3174 prorsus
421 3092 495 3153 vitio
516 3110 555 3152 ae
571 3092 747 3171 suspioioue
768 3098 917 3167 serentes,
940 3098 1087 3169 tenorem,

167 3180 219 3258 qui
241 3178 389 3255 sequitur,
411 3174 451 3235 de
472 3174 566 3235 verbo
589 3173 628 3234 ed
652 3172 776 3234 verbum
799 3173 1000 3233 nominantes.

251 3260 315 3320 Leo
338 3258 520 3339 Episcopus,
540 3274 647 3317 servus
680 3274 836 3317 servorum
861 3254 933 3333 Dei,
966 3254 1088 3317 Dilecto

167 3342 232 3403 lilio
264 3342 405 3402 Thomas
439 3340 517 3401 tituli
551 3338 581 3400 S.
616 3338 710 3414 sixti,
747 3338 796 3400 ad*
823 3336 1023 3397 olarissimum
1056 3339 1087 3398 in

169 3426 292 3487 Dlrristo
304 3423 399 3484 lilium
415 3430 554 3483 nostrum
568 3422 808 3483 lleximilianum
822 3420 852 3478 io
867 3418 1086 3499 Imperatorem

168 3510 301 3590 eleptum
334 3512 440 3567 nostro
461 3513 495 3567 et
514 3503 602 3566 Sedis
624 3504 816 3584 apostolieae
837 3501 969 3582 Legato,
1002 3501 1087 3563 Salu-

169 3601 232 3652 tem
255 3598 288 3651 et
308 3589 513 3670 apostolieum
535 3586 790 3647 benedietionem.
1064 3625 1067 3633 ι

253 3674 342 3751 Cum,
363 3681 527 3757 postquam
550 3669 790 3748 (liroumspeotin
818 3674 870 3727 tua
892 3664 1090 3727 Germaniam

169 3757 379 3837 applicuerat,
412 3753 453 3817 ad
483 3772 573 3813 auras
606 3758 728 3813 nomras
760 3748 964 3830 pervenisset,
1005 3749 1087 3891 ppod

169 3838 310 3901 nonnulli
332 3837 487 3915 Religioni,
508 3836 599 3897 etiam
621 3832 661 3893 ad
676 3828 947 3911 evangelisaudum
962 3848 1014 3890 ver
1037 3850 1087 3891 um
