2600 4300
383 335 418 396 ur
436 336 511 394 mu.
529 337 560 395 u.
580 337 648 394 sm.
669 337 816 399 sassa.
1022 331 1063 400 aa
1165 321 1168 328 ⁴

149 509 272 585 iaciant,
296 507 411 583 deinde
431 528 504 570 snas
525 509 685 588 basilicas,
718 509 885 570 novissime
905 507 1063 571 basilicam

148 593 174 654 S.
193 592 275 653 Petri
304 593 426 671 iuvent,
457 594 531 671 qnia
564 599 688 654 vestras
716 592 868 654 acclesiae
897 611 968 654 nou·
992 595 1064 654 sunt

149 675 230 738 robis
251 677 459 738 necessariae.
653 735 658 741 ,
896 714 899 722 ,
931 709 934 719 ·

223 757 274 818 Ad
296 758 562 839 quadragesimam
587 764 730 818 octavam
750 756 829 818 adeo
849 756 1011 836 impingis,
1032 762 1066 818 ut

150 842 271 902 veritate
294 842 440 902 consuens
469 860 533 901 nou
559 843 662 920 possis
694 841 832 902 invenire
864 839 936 919 quid
970 838 1064 900 dicas.

150 923 279 984 Tandem
302 924 343 984 ad
371 924 453 984 banc
480 923 643 984 descendis
666 924 828 1002 ineptiam,
859 922 980 982 diceus:
1009 921 1065 999 Tu,

150 1006 333 1082 Martine1),
369 1008 395 1066 si
423 1007 583 1066 habuisses
611 1007 786 1066 aDomiuo
815 1012 921 1066 nostro
951 1005 1065 1066 bonum

149 1091 365 1169 episcopatum,
388 1108 457 1150 cum
481 1090 619 1168 plenaria
640 1089 832 1168 indulgentia
854 1087 894 1148 ad
914 1087 1066 1148 ecelesiae

150 1181 215 1232 hiae
239 1173 487 1251 reparationem,
518 1175 598 1232 torte
620 1172 807 1232 dulcioribus
839 1169 939 1232 verbis
973 1170 1066 1232 abun·

150 1255 260 1335 dames,
282 1255 446 1334 atquibus
468 1255 612 1331 detrahis,
634 1255 740 1314 venias
760 1255 933 1314 extulisses.

225 1338 433 1416 Respondeo,
459 1338 539 1398 forte
560 1346 592 1398 et
613 1344 646 1398 tu
668 1344 791 1416 spectas
819 1356 869 1398 me
896 1355 936 1396 ex
963 1336 1066 1397 animo

150 1428 209 1496 tuo,
231 1419 313 1500 quod
336 1421 468 1482 coniicio
491 1440 531 1480 ex
552 1439 609 1497 eo,
639 1420 722 1499 quod
752 1427 813 1480 tam
840 1420 973 1480 molliter
994 1417 1066 1480 adu·

149 1505 225 1564 laris.
268 1503 301 1564 si
322 1522 384 1584 ego
405 1503 445 1563 ad
467 1505 680 1583 episcopatum
699 1504 877 1582 aspirarem,
899 1509 983 1562 certe
1003 1519 1067 1562 non

150 1607 183 1648 aa
210 1586 372 1664 loquerer,
406 1605 486 1665 quae
517 1593 550 1646 tu
576 1587 842 1665 impatientissime
874 1584 971 1644 audis.
1018 1582 1068 1644 Aa

149 1672 288 1750 ignorare
306 1688 357 1730 me
378 1669 494 1745 credis,
524 1687 585 1747 qua
611 1670 664 1728 via
691 1670 888 1748 episcopatus
918 1675 951 1728 et
970 1683 1069 1728 sacas

150 1753 230 1812 dotia
249 1753 283 1812 in
303 1751 381 1812 urbe
403 1752 590 1828 obtinentur,
610 1750 735 1830 qnando
753 1752 834 1812 hano
851 1751 937 1830 pueri
951 1751 983 1810 in
1006 1764 1069 1810 orn·

151 1835 233 1896 nibus
254 1835 368 1914 plateis
391 1835 474 1895 orbis
487 1835 634 1894 cantanti
655 1835 796 1913 Denique
817 1852 900 1894 nunc
920 1833 1003 1892 facta
1023 1837 1071 1893 est

150 1937 244 1978 rerum
266 1917 447 1978 foedissima
469 1918 584 1993 Roma,
613 1917 723 1978 omitto
752 1917 884 1995 reliqua,
913 1934 993 1995 quaa
1020 1913 1071 1975 bio

153 2001 230 2060 velut
251 2007 389 2060 hemena
411 2006 443 2060 et
463 2020 482 2059 a
502 2001 633 2060 veritate
654 2000 767 2060 fractus
786 1997 936 2079 disperdis
958 1998 1071 2077 potius,

153 2101 236 2163 quam
258 2083 408 2163 loqueris.

225 2166 277 2227 Ad
299 2165 567 2246 quadragesimam
588 2184 704 2227 nonam
726 2166 835 2225 eadem
852 2165 949 2225 saliva
964 2164 1071 2225 renim

154 2250 236 2311 utiles
269 2250 399 2327 astruis,
450 2249 505 2311 sod
552 2249 803 2325 occasionaliter,
848 2248 965 2308 scilicet
998 2246 1070 2307 dum

154 2333 249 2393 aalma
265 2352 308 2392 ex
330 2332 393 2393 hoc
412 2332 445 2391 in
466 2332 632 2411 gratiarum
654 2332 792 2393 actiones
806 2332 945 2411 assurgit.
973 2328 1069 2405 Quasi

155 2434 233 2475 asses
252 2416 370 2489 rhetor,
392 2421 455 2475 tam
472 2415 575 2473 varios
597 2422 629 2473 et
650 2416 820 2492 exquisitos
840 2414 926 2473 locos
939 2412 1070 2473 invenis.

156 2498 211 2558 Cur
235 2518 300 2559 non
336 2498 429 2559 etiam
457 2497 498 2557 ad
526 2496 662 2557 balatum
699 2498 764 2559 ovis
800 2496 876 2555 dicis
911 2512 1072 2575 assurgere

157 2582 282 2641 mam
306 2580 544 2641 occasionaliter
565 2579 604 2639 ad
627 2581 791 2658 gratiarum
815 2577 989 2639 actionem?
1010 2578 1074 2637 Aut

158 2682 229 2742 quae
250 2664 318 2723 laus
340 2663 401 2742 ista
420 2663 595 2739 veniarum,
625 2661 748 2739 quando
782 2662 874 2721 etiam
902 2660 941 2721 da
962 2660 1072 2740 poenis

159 2753 188 2807 et
216 2746 305 2806 malis
339 2744 479 2805 iubemur
510 2744 637 2805 laudare
665 2745 783 2804 Deum?
820 2743 881 2804 Sed
907 2744 993 2823 piget
1023 2760 1073 2803 me

160 2829 238 2908 pigra
257 2830 321 2889 ista
341 2828 447 2890 inania
468 2835 648 2889 commenta
670 2846 802 2889 versare.

233 2910 316 2973 lllnd
351 2928 426 2971 vero
460 2930 551 2989 quam
583 2910 658 2989 vigil
687 2910 861 2983 advertisti,
892 2907 975 2987 quod
1002 2906 1075 2967 milri

161 2995 213 3073 ipsi
234 2992 484 3071 contradixerim,
506 3000 541 3053 ut
561 2994 614 3071 qui
627 2994 733 3053 venias
749 2993 799 3051 hic
813 2992 913 3064 utiles,
937 2991 1075 3069 superius

162 3083 257 3137 autem
289 3077 380 3137 aliter
412 3075 518 3137 videar
548 3094 696 3135 asserere.
743 3076 821 3161 Dico
851 3074 941 3133 utiles
971 3072 1076 3153 pigris,

164 3160 236 3219 sicut
255 3179 364 3221 omnes
385 3159 606 3238 permissiones
627 3165 700 3218 sunt
719 3158 820 3233 utiles,
841 3174 881 3216 ne
899 3162 1030 3235 peccent
1050 3154 1076 3214 si

165 3242 311 3303 licentiam
332 3260 397 3301 non
418 3241 575 3301 habereut.
604 3241 682 3301 Dico
704 3240 828 3301 inutiles
846 3238 886 3301 sd
907 3237 1077 3318 profectum

166 3324 279 3401 salutis,
313 3322 397 3403 quod
430 3342 486 3404 pro
514 3332 567 3384 tua
601 3324 771 3403 vigilantia.
788 3322 938 3383 debueras
973 3339 1012 3379 ex
1038 3336 1077 3380 ao

168 3407 254 3469 verbo
275 3407 459 3487 intelligere,
480 3406 532 3467 ubi
549 3406 632 3485 dixi,
650 3408 677 3467 si
698 3426 761 3467 nou
783 3408 814 3465 in
837 3423 889 3465 eas
912 3400 1084 3463 coulldaut.

172 3538 182 3549 ,
244 3489 290 3551 Ad
312 3490 598 3571 quinquagesimam
620 3492 750 3549 assumis
773 3506 896 3549 causam
918 3482 1080 3565 praedica·

169 3579 262 3633 torum
278 3573 453 3652 venialium,
476 3572 531 3633 sed
552 3578 668 3649 astute,
707 3574 778 3651 quia
798 3588 861 3632 nou
885 3568 984 3629 credis
1006 3566 1081 3628 talia

238 3832 267 3902 1)
284 3833 321 3888 ln.
333 3832 379 3890 ad.
397 3832 480 3889 Jonas
492 3832 618 3887 luthera.

1194 3642 1197 3741 l
