2600 4300
413 288 451 341 ed
468 289 587 343 tonse.
607 289 783 359 Steupitittm.
1011 287 1072 356 181

157 423 313 539 transitor,
339 460 374 521 id
394 466 459 540 ost,
490 460 628 523 librasse
649 462 754 523 voosri
775 463 895 543 eoepit,
928 464 1074 525 deiectos

156 540 269 603 scilicet
291 544 325 603 in
345 544 620 625 Mesopotamiam,
643 550 677 603 ut
697 544 828 627 Burgen.
859 546 951 609 docto
972 546 1073 610 docet.

155 624 228 687 Huio
250 633 284 687 et
306 627 413 689 titulus
433 627 487 689 ille
509 628 622 689 Psalmi
644 630 787 708 concinit,
811 628 861 689 ubi
883 628 1020 709 idithun,
1034 630 1074 709 ‚td

155 715 206 788 est,
227 704 408 783 transilient
429 718 570 773 oantotor
589 710 750 773 inducitur.

233 792 291 853 His
311 794 581 855 iuhserenssusus
603 802 797 875 computare,
820 796 983 857 eoofeleos
995 816 1073 877 esse,

155 877 201 956 qui
222 877 370 955 operibus
391 879 601 958 poenitentiae
612 885 730 939 tantum
753 878 931 957 tribuerant,
953 884 988 939 ut
1002 896 1074 960 poe

94 961 95 988 ³
156 960 301 1021 nitentiae
318 962 371 1021 vix
386 960 536 1040 reliquom
558 962 648 1023 nobis
670 962 798 1022 fecerint
818 962 1075 1044 praeteririgides

94 1055 96 1121 4
156 1042 303 1121 qnssdam
317 1044 544 1105 satisfactiones
567 1052 599 1105 et
617 1044 890 1107 laboriosissimam
908 1046 1075 1107 confessio·

95 1132 96 1169 3
156 1145 233 1204 nom,
254 1126 354 1188 latino
379 1127 497 1188 scilieet
521 1127 676 1190 vocabulo
697 1126 842 1207 obducti,
865 1128 948 1208 quod
969 1130 1075 1209 poeni-

155 1210 278 1269 tentium
312 1228 407 1291 agere
428 1212 582 1271 actionem
605 1212 703 1291 magis
726 1219 831 1289 sonet,
857 1230 954 1291 ¹quam
977 1220 1074 1273 mute·

157 1293 270 1352 tionem
284 1292 425 1371 effectus,
447 1292 604 1355 etGrasco
620 1294 665 1353 illi
686 1299 861 1374 μετανοεῖν
873 1294 959 1356 nulto
980 1295 1090 1363 mode.

156 1375 312 1437 safisiseit
927 1398 930 1405 ’
1000 1413 1005 1423 ,

234 1458 324 1519 Haec
345 1478 424 1539 men,
446 1470 514 1519 enm
533 1460 577 1519 sie
598 1460 731 1520 ferveret
751 1459 919 1540 msditstio,
942 1478 1016 1522 ecoe
1028 1480 1076 1523 su-

156 1541 217 1602 bito
244 1546 417 1623 coeperunt
445 1543 559 1602 circum
586 1561 644 1603 nos
672 1549 824 1623 strepere,
851 1545 914 1605 imo
932 1544 1000 1605 eten
1042 1564 1076 1607 re

94 1653 95 1658 ¹
157 1643 236 1685 nove
262 1624 524 1707 indulgentiarum
545 1625 694 1705 classico,
717 1634 748 1686 et
767 1627 984 1688 remissionum
1028 1648 1077 1689 ue·

157 1710 250 1787 dnae,
272 1708 385 1788 quibus
406 1716 511 1769 tomen
531 1728 593 1769 non
613 1708 658 1768 ad.
678 1716 833 1770 strenuum
847 1708 920 1773 betti
943 1710 1076 1773 studium

94 1840 96 1843 .
156 1793 375 1871 snimsrsmur,
401 1791 551 1869 breviter,
576 1792 720 1873 neglecta
741 1810 833 1853 verse
864 1795 1075 1872 poenitentioe

157 1874 293 1936 doctrina
314 1874 396 1935 edeo
420 1872 618 1956 magnificare
631 1885 902 1956 praesumpserunt
924 1894 987 1938 nou
1001 1894 1076 1959 poe·

159 1960 325 2037 nitentium,
347 1977 411 2018 non
435 1958 545 2017 saltem
565 1957 745 2019 vilissimam
768 1960 833 2019 sius
855 1960 984 2039 portem,
998 1980 1077 2041 quae

160 2042 325 2103 satisfactio
348 2040 468 2118 dicitnr,
489 2040 545 2101 sed
568 2040 705 2101 eiusdem
727 2042 894 2102 vilissimae
916 2044 1011 2123 pertis
1031 2062 1078 2103 re·

160 2125 353 2203 missionem,
383 2130 422 2184 ut
438 2142 592 2203 nunquam
621 2125 727 2185 sitite
752 2123 942 2208 mogniflaeri
963 2125 1077 2189 andito.

160 2207 296 2288 limique
317 2209 414 2287 impie
432 2214 467 2267 ‘et
486 2207 564 2267 falsa
586 2214 617 2267 st
629 2207 785 2269 haeretica
807 2207 970 2289 docebant,
993 2217 1078 2272 muts

94 2324 96 2346 2
162 2293 321 2353 autoritate
344 2291 532 2362 (temeritate
554 2290 639 2351 volui
653 2289 785 2369 dicere),
807 2297 841 2352 ut
862 2293 913 2370 qui
934 2293 984 2352 vel
1006 2311 1077 2356 eon-

161 2382 201 2435 tra
219 2376 362 2450 mutiret,
396 2373 499 2433 statim
519 2373 706 2453 hoeretiens,
740 2375 803 2454 igni
825 2373 956 2436 dovotus
984 2384 1076 2455 esset,

163 2465 189 2518 st
206 2465 357 2518 aeternae
377 2455 602 2518 maledictionis
623 2476 703 2517 rens.

236 2540 308 2621 Ego
331 2541 442 2600 horum
474 2539 567 2600 furori
590 2556 750 2601 occurrere
772 2559 835 2604 non
857 2548 984 2622 potens,
1018 2549 1077 2603 sta

162 2625 199 2684 tui
220 2623 365 2684 modeste
383 2623 428 2683 sis
448 2622 621 2704 dissentire,
643 2632 675 2683 st
690 2625 721 2683 in
745 2623 868 2686 dubium
889 2643 1004 2686 rosere
1025 2645 1077 2688 eo·

161 2727 219 2766 rum
242 2707 406 2787 dogmate,
440 2705 533 2766 fretus
563 2708 699 2766 omnium
733 2707 892 2768 doctorum
922 2709 1077 2790 totiusque

161 2790 307 2850 ecelesiae
334 2789 501 2867 sententia,
536 2789 618 2867 quod
648 2791 739 2850 etiem
770 2791 947 2852 satisfecere
969 2793 1076 2853 melius

161 2875 204 2941 sit,
225 2892 316 2953 qnam
340 2871 580 2933 satisfactionem
594 2873 716 2954 remitti,
738 2873 769 2934 id
792 2881 848 2951 est,
870 2874 1076 2956 indulgentias

161 2956 323 3035 redimere,
353 2975 413 3019 neo
439 2960 489 3015 est
515 2953 601 3018 ultus
622 2958 673 3036 qui
696 2957 784 3022 aliter
805 2975 939 3037 unquam
962 2959 1076 3021 docuit

162 3039 260 3120 ltaque
273 3039 437 3120 disputavi,
459 3037 490 3097 id
513 3045 568 3116 est,
591 3058 722 3118 summe,
744 3039 855 3120 media,
877 3040 992 3118 intus,
1014 3061 1077 3104 om·

164 3123 209 3182 nio
227 3125 258 3182 in
281 3122 394 3182 malum
418 3122 525 3200 capitis
549 3122 608 3182 mei
630 3121 755 3201 irritavi,
778 3131 922 3204 quantum
947 3143 1001 3205 per
1019 3123 1077 3186 hos

165 3207 354 3285 pecuniarum
378 3205 472 3281 (heus
494 3198 662 3264 enima'rum
683 3203 845 3266 dicendum
867 3207 939 3284 suit)
964 3207 1076 3268 zelato-

166 3308 209 3348 res
227 3288 291 3349 tisri
313 3308 352 3349 so
372 3286 479 3368 perfici
501 3294 613 3367 potest
659 3287 710 3349 sto
725 3290 805 3349 enim
829 3291 1001 3350 suavissimi
1023 3290 1076 3351 ho-

167 3373 263 3450 nines,
284 3372 476 3432 crassissima
497 3370 772 3450 astutiainstnnoti,
796 3391 865 3433 curn
878 3391 992 3452 negare
1012 3391 1076 3434 non

168 3457 277 3533 possint
296 3474 350 3533 es,
372 3473 454 3534 quaa
474 3452 547 3533 dixi,
570 3452 691 3533 tingunt
712 3457 821 3516 summi
845 3453 999 3535 pontificis
1023 3473 1076 3536 po-

169 3544 299 3600 moun
317 3537 400 3598 laedi
421 3537 499 3597 meis
521 3535 809 3616 disputationibus.¹
1069 3570 1072 3578 ›
1172 3607 1175 3614 ⁴

239 3621 323 3681 Haeo
344 3627 393 3681 est
426 3637 534 3698 conss,
571 3621 741 3681 reverende
765 3621 867 3698 Peter,
903 3619 985 3700 quod
1016 3639 1075 3702 ego

95 3721 96 3772 Ξ
171 3721 242 3766 sune
257 3703 419 3766 infeliciter
448 3704 484 3764 iu
513 3702 669 3783 pastinum
702 3703 836 3784 prodeo,
870 3705 921 3782 qui
954 3723 1077 3786 semper

94 3808 97 3850 ;
171 3787 259 3867 anguli
281 3794 402 3849 amator
421 3785 474 3866 tu,
494 3787 614 3866 etipse
632 3786 753 3865 eligens
770 3793 910 3866 speetere
932 3785 1074 3865 pulcher

807 3903 867 3966 90
