2600 4300
246 330 307 396 118
464 330 597 384 liertinus
613 330 746 384 lutherus
762 304 814 384 l’io
833 330 937 384 Lectori

245 502 271 563 si
293 501 365 562 loco
389 500 457 580 puri
476 498 563 559 verbi
584 496 655 577 Dei,
679 516 739 578 quo
760 499 881 559 aluntur
903 498 932 557 in
956 496 1051 556 vitem
1069 502 1148 557 aeter-

245 602 336 661 nam,
359 582 509 643 devorare
531 587 681 661 cogantur
702 581 839 659 merdas,
861 588 1015 652 stercora,
1044 579 1149 639 cloacas

246 666 398 727 bullarum
423 670 454 725 et
475 662 673 724 decretalium
696 662 734 724 de
755 664 903 745 primatu,
926 662 1089 739 dignitate,
1109 682 1148 741 po-

247 750 344 809 tentia
366 754 397 807 et
419 745 566 806 similibus
590 747 740 826 portentis
762 746 939 827 tyrannicis,
962 744 1072 823 quibus
1092 764 1150 804 ven-

245 838 292 892 ter
312 849 412 911 papae
434 834 466 889 et
487 848 560 889 esca
581 830 645 889 eius
668 830 699 888 in
723 829 783 889 hoc
805 829 909 888 seculo
926 825 1111 909 glorificatur
1128 836 1151 885 et

247 916 279 973 in
302 913 401 973 Deum
423 911 588 987 exaltatur,
610 911 657 970 his
680 912 731 990 qui
752 918 890 991 pereunt.
925 910 1029 989 Atque
1051 910 1149 969 utinarn

248 1002 353 1057 essent
374 994 525 1055 duntaxat
546 993 671 1053 merdae
694 1000 725 1054 et
746 994 871 1054 cloacae
893 994 1094 1073 pessimorum
1110 992 1151 1051 bo-

247 1079 377 1157 minum,
409 1082 441 1137 et
460 1095 523 1136 uon
544 1078 648 1156 potius
670 1094 789 1136 venena
810 1074 951 1155 aspidum
973 1074 1151 1149 insanabilia,

247 1169 278 1221 et
300 1178 360 1221 ova
380 1158 594 1219 basiliscorum
619 1162 670 1233 (ut
691 1158 788 1219 lsaiae
810 1157 905 1219 verbo
918 1158 952 1232 *J
979 1160 1063 1234 utar)
1094 1159 1151 1236 ipso

246 1245 314 1304 visu
333 1239 589 1302 interficientium.

328 1324 407 1384 Nam
430 1324 580 1383 tolerasse
600 1323 656 1383 has
679 1323 802 1383 cloacas
819 1330 872 1382 aut
894 1325 986 1383 etiam
1000 1321 1153 1383 devorasse

246 1410 321 1468 satis
342 1406 433 1466 luerit
453 1425 566 1485 magna
587 1407 711 1467 miseria
732 1407 854 1485 generis
879 1405 1014 1480 humani,
1036 1404 1087 1465 aed
1106 1426 1152 1484 pro

246 1489 381 1551 articulis
404 1486 475 1548 fidei
498 1490 678 1548 necessariis
701 1487 739 1548 ad
762 1488 1150 1567 salutem1·ecipere,etin

246 1575 290 1635 eis
314 1570 470 1633 confidere
491 1578 522 1631 et
541 1572 634 1648 mori,
663 1577 807 1649 tanquam
838 1570 1014 1631 obedientia
1037 1570 1150 1629 salutari

246 1655 286 1716 ad
318 1656 429 1731 vitam,
460 1654 521 1713 hoc
554 1662 600 1713 est
631 1654 830 1714 novissimum
860 1654 972 1713 malum
1004 1661 1035 1713 et
1064 1652 1151 1711 ultimi

246 1739 410 1817 temporis,
440 1734 524 1814 quod
546 1736 658 1795 Paulus
681 1736 971 1814 periculosissimum
1000 1742 1031 1795 et
1052 1736 1153 1795 saevis-

247 1823 355 1880 simum
385 1819 451 1879 fore
484 1818 650 1897 praedixit,
680 1819 740 1879 hoo
780 1838 841 1878 non
870 1820 1003 1898 pertinet
1034 1819 1088 1877 nisi
1121 1816 1152 1876 ad

248 1907 444 1983 purpuratam
465 1901 548 1959 illam
567 1902 766 1979 meretricem,
791 1907 918 1961 matrem
930 1901 1152 1961 fornicationum

247 1993 278 2046 et
316 1984 579 2045 abominationum
616 1990 730 2058 terrae,
771 1986 932 2064 mysticam
966 1983 1154 2063 Babylonem,

249 2068 363 2129 ebriam
386 2067 533 2146 sanguine
558 2065 738 2126 Sanctorum
769 2072 800 2126 et
822 2069 971 2158 sangnine
1000 2074 1152 2145 martyrum

247 2152 331 2228 lesu,
362 2169 441 2229 quae
468 2155 607 2228 gestatur
633 2170 652 2210 a
675 2151 821 2225 coccinea
849 2149 962 2224 bestia,
992 2147 1153 2210 nominibus

247 2233 503 2313 blasphemiarum
526 2232 628 2310 plena.
673 2232 723 2293 sie
751 2233 831 2292 enirn
865 2232 1010 2292 describit
1038 2233 1086 2291 ille
1111 2250 1152 2290 cu-

246 2318 322 2376 riam
341 2333 457 2396 papae,
481 2323 512 2374 et
534 2314 595 2373 tale
617 2322 665 2374 est
685 2333 793 2374 revera
813 2335 939 2396 reguum
963 2335 1076 2394 papae,
1098 2321 1152 2372 tan-

247 2408 311 2458 tum
339 2405 493 2457 tantorum
520 2397 671 2456 malorum
699 2398 849 2457 infernum
878 2398 1049 2476 praevaluit
1079 2397 1152 2455 iudu-

247 2499 317 2540 cere
338 2481 368 2539 in
392 2480 497 2539 orbem
520 2499 580 2538 una
599 2479 677 2538 salsa
692 2479 830 2559 glossula
844 2480 931 2539 huius
954 2478 1047 2556 verbi,
1061 2479 1152 2548 Pasce,

247 2562 319 2621 dum
347 2581 409 2622 non
443 2561 481 2620 de
512 2562 674 2640 evangelio
706 2561 864 2638 docendo,
894 2561 975 2641 quod
1005 2560 1152 2641 pontifices

246 2644 458 2704 ischariothici
481 2663 527 2721 ¹ue
567 2663 686 2703 summo
722 2644 844 2722 quidem
877 2644 973 2724 digito
1005 2645 1152 2724 attingunt,

248 2727 303 2787 sed
339 2725 378 2786 de
407 2733 562 2805 potestate
590 2725 768 2786 dominandi
792 2728 960 2787 docuerunt
986 2727 1152 2806 intelligere,

249 2809 326 2868 nihil
349 2810 435 2867 veriti
459 2809 569 2868 Christi
592 2809 686 2869 verbo
717 2809 958 2870 dominationem
981 2813 1010 2868 in
1037 2809 1152 2868 ecclesia

248 2891 438 2971 prohibentis
453 2888 529 2968 ”tr
573 2892 637 2950 Vos
666 2911 728 2952 non
758 2893 801 2951 sic
831 2891 964 2974 (inquit)
995 2899 1028 2951 ut
1058 2900 1151 2971 gentes

248 2974 409 3050 dominari,
433 2973 486 3032 sed
498 2975 629 3032 invicem
646 2976 760 3034 servire
776 2974 903 3055 debetis,
920 2985 952 3033 et
963 2975 1067 3034 Petrus
1076 2973 1151 3055 ml:

248 3057 317 3116 Non
341 3056 536 3116 dominantes
559 3058 588 3114 in
613 3057 712 3134 clero,
735 3057 789 3116 aed
812 3057 911 3117 forma
932 3059 1034 3137 gregis
1057 3056 1151 3116 efficia-

166 3168 169 3172 *
248 3140 332 3198 ruini.

331 3219 479 3293 Proinde,
512 3221 537 3278 si
566 3240 727 3280 romanum
760 3221 979 3281 ischariothem
1009 3239 1152 3301 compares

249 3305 360 3365 ceteris
381 3305 413 3362 in
437 3302 512 3362 orbe
535 3306 682 3382 tyrannis,
706 3305 755 3382 qui
780 3305 913 3377 inerunt,
938 3311 1009 3364 sunt
1029 3304 1076 3362 vel
1096 3321 1152 3362 esse

248 3393 389 3467 possunt,
412 3384 529 3444 videbis
552 3385 622 3445 illos
643 3386 737 3446 luisse
754 3405 834 3465 pene
847 3387 968 3446 umbras
984 3387 1151 3466 tyrannicas,

250 3487 363 3547 corpus
386 3487 459 3528 vero
483 3470 674 3547 tyrannicum
705 3471 803 3548 ipsum
833 3487 902 3528 esse
923 3489 1078 3528 romanum
1099 3469 1151 3527 ido-

249 3550 321 3608 lum.
365 3551 442 3608 Mira
470 3550 509 3608 de
537 3551 670 3610 Hattilae
692 3551 870 3612 Hunnorum
899 3554 981 3632 regis
1009 3550 1151 3632 tyrannide

324 3795 355 3858 ⁸)
376 3797 438 3851 rau.
457 3801 492 3854 ao
540 3802 588 3869 r·)
609 3803 697 3856 nacae
715 3805 758 3858 22.
800 3805 864 3870 m)
889 3809 898 3859 r
922 3809 991 3861 ren.
1011 3813 1035 3864 s.
