2600 4300
213 360 277 427 452
504 356 587 426 sprot
608 357 641 410 n.
663 357 739 410 Mart.
760 355 870 429 uuum

214 528 407 608 despumavit
432 528 558 588 virtutes
579 527 837 609 indulgentiarum
865 528 897 586 in
929 545 999 586 eam
1022 523 1131 600 labem,

214 630 303 691 quam
324 609 417 671 hodie
438 612 552 690 passim
575 611 657 672 orbis
679 608 881 672 abominatur.

294 693 338 754 lbi
358 695 488 774 primum
510 694 618 775 populi
640 694 845 755 miserabilem
867 692 1084 753 seductionem
1106 697 1134 750 et

214 778 408 837 exactionem
428 778 622 857 impatienter
636 777 750 854 ferens,
771 777 1040 856 impatientissime
1063 793 1134 834 vero

213 860 459 922 Florentinorum
486 861 606 921 illorum
636 861 815 938 avaritiam,
849 861 901 938 qui
922 858 1073 939 simplicis
1095 858 1135 916 in·

214 945 296 1025 genii
318 941 519 1019 Pontificem,
547 945 579 1003 in
600 963 691 1023 quem
716 943 878 1004 voluerunt
898 950 1045 1022 portum,
1074 941 1136 1001 imo

213 1026 414 1107 naufragium,
431 1027 601 1106 impellunt.
622 1027 701 1088 Nam
719 1025 1056 1106 impudentissimorum
1071 1023 1135 1084 illo

213 1129 280 1170 rum
291 1111 420 1170 avaritia
430 1129 511 1190 pene
523 1111 679 1170 sexcentis
690 1109 824 1170 Tartaris
846 1107 1050 1169 insatiabilior
1064 1125 1136 1187 ong-

214 1193 280 1254 uita
300 1201 356 1254 est.
380 1192 450 1253 ldeo
472 1192 545 1254 data
565 1193 732 1274 aliquando
746 1193 957 1253 inllomauam
974 1191 1135 1252 avaritiam

215 1278 379 1337 occasione
406 1295 469 1337 uon
490 1275 833 1357 invitusapprehendi,
856 1283 956 1353 etea,
979 1293 1061 1354 quae
1090 1291 1136 1333 su-

213 1377 406 1439 praexcusa
426 1367 507 1439 sunt,
527 1368 558 1420 et
579 1379 658 1439 quae
678 1360 885 1441 subiicieutur,
908 1365 1017 1420 contra
1038 1355 1137 1416 indul-

214 1442 334 1522 gentias
356 1444 451 1505 emisi.

492 1654 560 1747 Ad
589 1655 766 1750 Leonam
794 1654 865 1748 Χ,
915 1765 921 1778 ,

414 1853 599 1915 Lutheri
638 1853 926 1936 Epistola*).
999 1867 1009 1874 ‘

214 2005 396 2068 Beatissimo
425 2005 507 2066 Patri
538 2005 635 2066 Leoni
658 2005 710 2086 X.,
742 2003 884 2066 Pontifici
915 2003 1068 2082 Maximo,
1102 2002 1132 2061 F.

215 2088 361 2151 munus
381 2087 529 2150 Lutherus
546 2089 786 2170 Augustiuiauus
808 2087 945 2179 Salutem
968 2093 1133 2146 aeternam.

298 2255 480 2317 Beatissime
500 2256 609 2334 Pater,
636 2256 722 2335 cogit
749 2256 857 2315 iterum
886 2254 1080 2333 necessitas,
1102 2258 1133 2311 ut

216 2357 276 2421 ego
297 2337 369 2399 faex
390 2338 547 2399 hominum
570 2345 601 2399 et
621 2338 721 2417 pulvis
735 2345 836 2399 terrae
849 2336 888 2397 ad
910 2334 1131 2397 beatitudinem

216 2428 300 2482 tuam
322 2430 498 2501 tantamque
520 2414 711 2481 maiestatem
727 2420 850 2500 'loquar
873 2418 976 2495 Quare
990 2428 1129 2500 paternas

216 2522 255 2565 aa
275 2522 347 2565 vers
359 2504 471 2566 Christi
493 2505 621 2565 vicarias
643 2523 732 2565 aures
754 2504 825 2563 huic
837 2502 978 2565 oviculae
1000 2512 1071 2563 tuae
1090 2502 1130 2561 in·

215 2587 303 2649 terim
327 2586 563 2648 clementissime
590 2586 826 2650 accommodare
866 2586 1011 2667 dignetur
1037 2585 1130 2645 Beati·
1203 2612 1204 2639 r

215 2668 291 2812 pudo
317 2676 371 2732 tua
405 2677 437 2731 et
469 2670 604 2732 balatum
632 2689 734 2731 meum
766 2669 848 2731 huno
875 2668 1018 2731 officiose
1049 2668 1130 2729 intel·

227 2772 320 2834 igere.

217 2922 287 2995 tius,
308 2918 509 2980 Beatitudinia
531 2927 602 2979 tuae
623 2918 811 2980 Secretarius
825 2917 1050 2991 cubicularius,¹
1069 2934 1130 2997 gra-

216 3003 340 3063 vissime
362 3010 502 3063 causatus
524 3000 860 3063 uomineBeatitudiois
883 3007 954 3061 tuae
976 2998 1132 3080 apudillu·

217 3087 395 3147 attissimum
416 3086 590 3165 Principem
610 3084 796 3145 Fridericum
819 3083 857 3146 ds
880 3103 949 3145 mea
969 3085 1002 3143 in
1024 3082 1132 3143 Rorna-

218 3188 287 3231 nam
305 3169 465 3231 ecclesiam
488 3176 521 3228 et
536 3167 700 3230 Beatitudi.
723 3175 806 3228 tuam
830 3173 862 3228 et
880 3166 1082 3227 irreverentia
1106 3170 1134 3226 et

298 2836 368 2897 Fuit
394 2835 476 2915 apud
507 2854 565 2898 uos
586 2834 735 2896 honestus
756 2835 807 2895 hic
828 2837 874 2895 vir
896 2834 1026 2905 Carolus
1048 2789 1131 2893 Milti-
1203 2804 1204 2831 ¹

217 3254 397 3335 temeritate,
419 3251 620 3331 expostulans
641 3250 893 3311 satisfactionem.
916 3250 984 3331 Ego
1007 3251 1069 3311 ista
1085 3268 1131 3309 au·
1203 3292 1204 3329 ,

191 3332 194 3338 “
217 3334 303 3396 diens
326 3335 485 3417 plurimum
498 3333 592 3412 dolui,
612 3332 870 3395 officiosissimum
882 3331 1019 3395 officium
1034 3350 1132 3393 meum
1203 3356 1204 3411 p

217 3424 279 3477 tam
311 3416 418 3476 infelix
445 3435 529 3491 esse,
559 3423 593 3475 ut
622 3416 704 3495 quod
726 3416 919 3499 protuendo
946 3416 1135 3480 honoreac
1203 3412 1204 3439 ¹

208 3496 330 3557 ‹clesiae
345 3497 504 3558 Romanae
517 3516 724 3577 susceperam,
746 3501 778 3559 in
798 3500 1029 3561 irreverentiam
1045 3499 1132 3561 etiam

216 3577 297 3656 apud
318 3580 418 3656 ipsum
439 3582 585 3641 verticem
607 3580 745 3641 eiusdem
766 3582 917 3643 ecclesiae
940 3601 979 3643 ac
1010 3582 1131 3661 plenam

216 3660 316 3717 omnia
336 3659 409 3718 mali
430 3663 636 3740 suspicionem
659 3665 786 3727 venerit.

247 3775 664 3801 t·······-·-·--------

270 3852 302 3919 ⁸)
319 3822 425 3944 Textud
440 3860 563 3914 redditus
583 3868 679 3917 estex
697 3864 741 3921 ed.
760 3866 819 3919 Jan.
839 3866 918 3923 1556.
