<?xml version="1.0" encoding="UTF-8"?>
<!DOCTYPE html PUBLIC "-//W3C//DTD XHTML 1.0 Transitional//EN"
    "http://www.w3.org/TR/xhtml1/DTD/xhtml1-transitional.dtd">
<html xmlns="http://www.w3.org/1999/xhtml" xml:lang="en" lang="en">
 <head>
  <title>
</title>
<meta http-equiv="Content-Type" content="text/html;charset=utf-8" />
  <meta name='ocr-system' content='tesseract 3.04.00' />
  <meta name='ocr-capabilities' content='ocr_page ocr_carea ocr_par ocr_line ocrx_word'/>
</head>
<body>
  <div class='ocr_page' id='page_1' title='image "./operalatinavari06schmgoog_0400.png"; bbox 0 0 2600 4300; ppageno 0'>
   <div class='ocr_carea' id='block_1_1' title="bbox 230 328 979 415">
    <p class='ocr_par' dir='ltr' id='par_1_1' title="bbox 230 328 979 415">
     <span class='ocr_line' id='line_1_1' title="bbox 230 328 979 415; baseline -0.024 -1"><span class='ocrx_word' id='word_1_1' title='bbox 230 328 294 413; x_wconf 72' lang='lat'><strong>8&#39;90</strong></span> <span class='ocrx_word' id='word_1_2' title='bbox 417 342 514 400; x_wconf 65' lang='grc' dir='ltr'><strong>--Δοω</strong></span> <span class='ocrx_word' id='word_1_3' title='bbox 532 344 567 401; x_wconf 88' lang='lat' dir='ltr'><strong>n.</strong></span> <span class='ocrx_word' id='word_1_4' title='bbox 589 341 670 400; x_wconf 69' lang='lat' dir='ltr'><strong>uus.</strong></span> <span class='ocrx_word' id='word_1_5' title='bbox 683 328 767 399; x_wconf 74' lang='lat' dir='ltr'><strong>&#39;niu</strong></span> <span class='ocrx_word' id='word_1_6' title='bbox 788 336 932 415; x_wconf 65' lang='lat' dir='ltr'><strong>tigmine</strong></span> <span class='ocrx_word' id='word_1_7' title='bbox 977 336 979 339; x_wconf 89' lang='grc'><strong><em>·</em></strong></span> 
     </span>
    </p>
   </div>
   <div class='ocr_carea' id='block_1_2' title="bbox 224 514 1200 3757">
    <p class='ocr_par' dir='ltr' id='par_1_2' title="bbox 231 514 1152 1015">
     <span class='ocr_line' id='line_1_2' title="bbox 231 514 1150 600; baseline -0.009 -19"><span class='ocrx_word' id='word_1_8' title='bbox 231 519 492 600; x_wconf 72' lang='lat' dir='ltr'><strong>lixtmmgentls,</strong></span> <span class='ocrx_word' id='word_1_9' title='bbox 524 536 583 579; x_wconf 85' lang='lat' dir='ltr'><strong>nee</strong></span> <span class='ocrx_word' id='word_1_10' title='bbox 609 519 648 579; x_wconf 84' lang='lat' dir='ltr'><strong>eb</strong></span> <span class='ocrx_word' id='word_1_11' title='bbox 675 520 744 598; x_wconf 86' lang='lat' dir='ltr'><strong>ipso</strong></span> <span class='ocrx_word' id='word_1_12' title='bbox 776 523 961 595; x_wconf 85' lang='lat' dir='ltr'><strong>reeeperunt</strong></span> <span class='ocrx_word' id='word_1_13' title='bbox 981 514 1150 587; x_wconf 77' lang='lat' dir='ltr'><strong>veritatem,</strong></span> 
     </span>
     <span class='ocr_line' id='line_1_3' title="bbox 231 600 1150 684; baseline -0.008 -20"><span class='ocrx_word' id='word_1_14' title='bbox 231 620 290 664; x_wconf 86' lang='lat' dir='ltr'><strong>nen</strong></span> <span class='ocrx_word' id='word_1_15' title='bbox 310 608 415 684; x_wconf 87' lang='lat' dir='ltr'><strong>potest</strong></span> <span class='ocrx_word' id='word_1_16' title='bbox 435 601 506 681; x_wconf 81' lang='lat' dir='ltr'><strong>diei,</strong></span> <span class='ocrx_word' id='word_1_17' title='bbox 527 601 609 681; x_wconf 77' lang='lat' dir='ltr'><strong>quod</strong></span> <span class='ocrx_word' id='word_1_18' title='bbox 621 601 660 661; x_wconf 88' lang='lat' dir='ltr'><strong>d&#39;e</strong></span> <span class='ocrx_word' id='word_1_19' title='bbox 672 600 868 680; x_wconf 81' lang='lat' dir='ltr'><strong>indulgentiis</strong></span> <span class='ocrx_word' id='word_1_20' title='bbox 886 600 1064 679; x_wconf 81' lang='lat' dir='ltr'><strong>loquentur,</strong></span> <span class='ocrx_word' id='word_1_21' title='bbox 1086 612 1150 657; x_wconf 85' lang='lat' dir='ltr'><strong>eum</strong></span> 
     </span>
     <span class='ocr_line' id='line_1_4' title="bbox 231 680 1152 768; baseline -0.011 -20"><span class='ocrx_word' id='word_1_22' title='bbox 231 704 287 768; x_wconf 84' lang='lat' dir='ltr'><strong>per</strong></span> <span class='ocrx_word' id='word_1_23' title='bbox 313 690 411 746; x_wconf 78' lang='lat' dir='ltr'><strong>totum</strong></span> <span class='ocrx_word' id='word_1_24' title='bbox 449 684 613 746; x_wconf 83' lang='lat' dir='ltr'><strong>eoelesiom</strong></span> <span class='ocrx_word' id='word_1_25' title='bbox 635 690 741 745; x_wconf 90' lang='lat' dir='ltr'><strong>notum</strong></span> <span class='ocrx_word' id='word_1_26' title='bbox 765 684 819 761; x_wconf 86' lang='lat' dir='ltr'><strong>sit,</strong></span> <span class='ocrx_word' id='word_1_27' title='bbox 851 682 926 743; x_wconf 80' lang='lat' dir='ltr'><strong>nihil</strong></span> <span class='ocrx_word' id='word_1_28' title='bbox 948 684 979 742; x_wconf 93' lang='lat' dir='ltr'><strong>in</strong></span> <span class='ocrx_word' id='word_1_29' title='bbox 1003 680 1152 759; x_wconf 82' lang='lat' dir='ltr'><strong>seriptum</strong></span> 
     </span>
     <span class='ocr_line' id='line_1_5' title="bbox 231 759 1150 847; baseline -0.009 -18"><span class='ocrx_word' id='word_1_30' title='bbox 231 769 345 830; x_wconf 79' lang='lat' dir='ltr'><strong>heberi-</strong></span> <span class='ocrx_word' id='word_1_31' title='bbox 372 768 412 828; x_wconf 92' lang='lat' dir='ltr'><strong>de</strong></span> <span class='ocrx_word' id='word_1_32' title='bbox 431 767 648 847; x_wconf 71' lang='lat' dir='ltr'><strong>indulgentiis,</strong></span> <span class='ocrx_word' id='word_1_33' title='bbox 681 766 753 826; x_wconf 89' lang='lat' dir='ltr'><strong>ideo</strong></span> <span class='ocrx_word' id='word_1_34' title='bbox 782 766 979 826; x_wconf 65' lang='lat' dir='ltr'><strong>neeessariw</strong></span> <span class='ocrx_word' id='word_1_35' title='bbox 994 759 1098 843; x_wconf 84' lang='lat' dir='ltr'><strong>sequi,</strong></span> <span class='ocrx_word' id='word_1_36' title='bbox 1129 764 1150 821; x_wconf 82' lang='lat' dir='ltr'><strong>ui</strong></span> 
     </span>
     <span class='ocr_line' id='line_1_6' title="bbox 232 845 1151 931; baseline -0.01 -20"><span class='ocrx_word' id='word_1_37' title='bbox 232 869 311 931; x_wconf 78' lang='lat' dir='ltr'><strong>quoe</strong></span> <span class='ocrx_word' id='word_1_38' title='bbox 324 851 497 931; x_wconf 74' lang='lat' dir='ltr'><strong>Scriptores</strong></span> <span class='ocrx_word' id='word_1_39' title='bbox 512 850 551 911; x_wconf 86' lang='lat' dir='ltr'><strong>ds</strong></span> <span class='ocrx_word' id='word_1_40' title='bbox 565 852 609 911; x_wconf 89' lang='lat' dir='ltr'><strong>eis</strong></span> <span class='ocrx_word' id='word_1_41' title='bbox 629 852 875 929; x_wconf 66' lang='lat' dir='ltr'><strong>interpretentur,</strong></span> <span class='ocrx_word' id='word_1_42' title='bbox 897 855 930 924; x_wconf 85' lang='lat' dir='ltr'><strong>ut</strong></span> <span class='ocrx_word' id='word_1_43' title='bbox 951 848 1002 911; x_wconf 80' lang='lat' dir='ltr'><strong>hio</strong></span> <span class='ocrx_word' id='word_1_44' title='bbox 1024 846 1069 925; x_wconf 80' lang='lat' dir='ltr'><strong>lit,</strong></span> <span class='ocrx_word' id='word_1_45' title='bbox 1092 845 1151 904; x_wconf 84' lang='lat' dir='ltr'><strong>vim</strong></span> 
     </span>
     <span class='ocr_line' id='line_1_7' title="bbox 233 932 1112 1015; baseline -0.006 -20"><span class='ocrx_word' id='word_1_46' title='bbox 233 937 277 995; x_wconf 88' lang='lat' dir='ltr'><strong>eis</strong></span> <span class='ocrx_word' id='word_1_47' title='bbox 299 934 375 1012; x_wconf 85' lang='lat' dir='ltr'><strong>lieri,</strong></span> <span class='ocrx_word' id='word_1_48' title='bbox 397 941 428 994; x_wconf 87' lang='lat' dir='ltr'><strong>et</strong></span> <span class='ocrx_word' id='word_1_49' title='bbox 447 935 615 1013; x_wconf 83' lang='lat' dir='ltr'><strong>improprie</strong></span> <span class='ocrx_word' id='word_1_50' title='bbox 635 952 673 993; x_wconf 83' lang='lat' dir='ltr'><strong>eo</strong></span> <span class='ocrx_word' id='word_1_51' title='bbox 695 932 821 992; x_wconf 82' lang='lat' dir='ltr'><strong>abusive</strong></span> <span class='ocrx_word' id='word_1_52' title='bbox 843 933 950 1015; x_wconf 80' lang='lat' dir='ltr'><strong>aoeipi.</strong></span> <span class='ocrx_word' id='word_1_53' title='bbox 1108 936 1112 951; x_wconf 84' lang='lat'><strong><em>¹</em></strong></span> 
     </span>
    </p>

    <p class='ocr_par' dir='ltr' id='par_1_3' title="bbox 224 1016 1200 3757">
     <span class='ocr_line' id='line_1_8' title="bbox 313 1016 1150 1078; baseline -0.007 -1"><span class='ocrx_word' id='word_1_54' title='bbox 313 1017 519 1078; x_wconf 65' lang='lat' dir='ltr'><strong>Nihilominus</strong></span> <span class='ocrx_word' id='word_1_55' title='bbox 550 1026 654 1077; x_wconf 83' lang='lat' dir='ltr'><strong>tamen</strong></span> <span class='ocrx_word' id='word_1_56' title='bbox 692 1016 888 1077; x_wconf 83' lang='lat' dir='ltr'><strong>&#39;reverentius</strong></span> <span class='ocrx_word' id='word_1_57' title='bbox 922 1034 1019 1076; x_wconf 80' lang='lat' dir='ltr'><strong>eausa</strong></span> <span class='ocrx_word' id='word_1_58' title='bbox 1046 1032 1150 1073; x_wconf 80' lang='lat' dir='ltr'><strong>verum</strong></span> 
     </span>
     <span class='ocr_line' id='line_1_9' title="bbox 232 1096 1152 1178; baseline -0.007 -17"><span class='ocrx_word' id='word_1_59' title='bbox 232 1119 299 1161; x_wconf 78' lang='lat' dir='ltr'><strong>eom</strong></span> <span class='ocrx_word' id='word_1_60' title='bbox 321 1100 481 1174; x_wconf 87' lang='lat' dir='ltr'><strong>oonliteor,</strong></span> <span class='ocrx_word' id='word_1_61' title='bbox 503 1106 535 1160; x_wconf 90' lang='lat' dir='ltr'><strong>et</strong></span> <span class='ocrx_word' id='word_1_62' title='bbox 555 1105 717 1178; x_wconf 89' lang='lat' dir='ltr'><strong>utrumque</strong></span> <span class='ocrx_word' id='word_1_63' title='bbox 739 1118 861 1159; x_wconf 86' lang='lat' dir='ltr'><strong>sensum</strong></span> <span class='ocrx_word' id='word_1_64' title='bbox 883 1098 958 1159; x_wconf 87' lang='lat' dir='ltr'><strong>volo</strong></span> <span class='ocrx_word' id='word_1_65' title='bbox 979 1098 1069 1159; x_wconf 87' lang='lat' dir='ltr'><strong>tueri.</strong></span> <span class='ocrx_word' id='word_1_66' title='bbox 1114 1096 1152 1155; x_wconf 83' lang='lat' dir='ltr'><strong>Et</strong></span> 
     </span>
     <span class='ocr_line' id='line_1_10' title="bbox 232 1179 1152 1261; baseline -0.005 -18"><span class='ocrx_word' id='word_1_67' title='bbox 232 1184 338 1245; x_wconf 78' lang='lat' dir='ltr'><strong>dieunt</strong></span> <span class='ocrx_word' id='word_1_68' title='bbox 359 1183 389 1260; x_wconf 87' lang='lat'><strong>¹)</strong></span> <span class='ocrx_word' id='word_1_69' title='bbox 415 1183 497 1261; x_wconf 91' lang='lat' dir='ltr'><strong>mihi,</strong></span> <span class='ocrx_word' id='word_1_70' title='bbox 520 1184 583 1243; x_wconf 91' lang='lat' dir='ltr'><strong>imo</strong></span> <span class='ocrx_word' id='word_1_71' title='bbox 604 1179 695 1242; x_wconf 89' lang='lat' dir='ltr'><strong>istum</strong></span> <span class='ocrx_word' id='word_1_72' title='bbox 718 1181 763 1255; x_wconf 85' lang='lat' dir='ltr'><strong>(id</strong></span> <span class='ocrx_word' id='word_1_73' title='bbox 785 1187 841 1259; x_wconf 85' lang='lat' dir='ltr'><strong>est,</strong></span> <span class='ocrx_word' id='word_1_74' title='bbox 857 1180 1059 1252; x_wconf 79' lang='lat' dir='ltr'><strong>deteriorem)</strong></span> <span class='ocrx_word' id='word_1_75' title='bbox 1086 1198 1152 1239; x_wconf 88' lang='lat' dir='ltr'><strong>sen·</strong></span> 
     </span>
     <span class='ocr_line' id='line_1_11' title="bbox 232 1261 1150 1345; baseline -0.005 -18"><span class='ocrx_word' id='word_1_76' title='bbox 232 1281 298 1327; x_wconf 77' lang='lat' dir='ltr'><strong>sum</strong></span> <span class='ocrx_word' id='word_1_77' title='bbox 321 1265 467 1343; x_wconf 76' lang='lat' dir='ltr'><strong>servabis,</strong></span> <span class='ocrx_word' id='word_1_78' title='bbox 488 1266 619 1325; x_wconf 74' lang='lat' dir='ltr'><strong>alterum</strong></span> <span class='ocrx_word' id='word_1_79' title='bbox 643 1264 764 1340; x_wconf 80' lang='lat' dir='ltr'><strong>(idest</strong></span> <span class='ocrx_word' id='word_1_80' title='bbox 784 1268 982 1345; x_wconf 76' lang='lat' dir='ltr'><strong>germanum)</strong></span> <span class='ocrx_word' id='word_1_81' title='bbox 1012 1261 1150 1343; x_wconf 76' lang='lat' dir='ltr'><strong>negabis.</strong></span> 
     </span>
     <span class='ocr_line' id='line_1_12' title="bbox 231 1345 1151 1429; baseline -0.005 -19"><span class='ocrx_word' id='word_1_82' title='bbox 231 1348 306 1410; x_wconf 81' lang='lat' dir='ltr'><strong>ldeo</strong></span> <span class='ocrx_word' id='word_1_83' title='bbox 334 1350 359 1407; x_wconf 92' lang='lat' dir='ltr'><strong>si</strong></span> <span class='ocrx_word' id='word_1_84' title='bbox 384 1366 485 1409; x_wconf 80' lang='lat' dir='ltr'><strong>meum</strong></span> <span class='ocrx_word' id='word_1_85' title='bbox 518 1348 750 1409; x_wconf 87' lang='lat' dir='ltr'><strong>eonelusionem</strong></span> <span class='ocrx_word' id='word_1_86' title='bbox 779 1366 876 1429; x_wconf 85' lang='lat' dir='ltr'><strong>nugor</strong></span> <span class='ocrx_word' id='word_1_87' title='bbox 904 1347 1015 1409; x_wconf 73' lang='lat' dir='ltr'><strong>falsum</strong></span> <span class='ocrx_word' id='word_1_88' title='bbox 1038 1345 1151 1421; x_wconf 80' lang='lat' dir='ltr'><strong>dicere,</strong></span> 
     </span>
     <span class='ocr_line' id='line_1_13' title="bbox 232 1429 1150 1511; baseline -0.005 -19"><span class='ocrx_word' id='word_1_89' title='bbox 232 1432 342 1492; x_wconf 74' lang='lat' dir='ltr'><strong>leolum</strong></span> <span class='ocrx_word' id='word_1_90' title='bbox 364 1431 497 1511; x_wconf 78' lang='lat' dir='ltr'><strong>quidem,</strong></span> <span class='ocrx_word' id='word_1_91' title='bbox 519 1430 573 1491; x_wconf 88' lang='lat' dir='ltr'><strong>sed</strong></span> <span class='ocrx_word' id='word_1_92' title='bbox 597 1431 689 1491; x_wconf 84' lang='lat' dir='ltr'><strong>simul</strong></span> <span class='ocrx_word' id='word_1_93' title='bbox 699 1430 960 1511; x_wconf 76' lang='lat' dir='ltr'><strong>Extruvugontem</strong></span> <span class='ocrx_word' id='word_1_94' title='bbox 971 1430 1018 1491; x_wconf 92' lang='lat' dir='ltr'><strong>bis</strong></span> <span class='ocrx_word' id='word_1_95' title='bbox 1040 1429 1150 1490; x_wconf 76' lang='lat' dir='ltr'><strong>telsun</strong></span> 
     </span>
     <span class='ocr_line' id='line_1_14' title="bbox 232 1513 1150 1595; baseline -0.005 -19"><span class='ocrx_word' id='word_1_96' title='bbox 232 1514 429 1595; x_wconf 83' lang='lat' dir='ltr'><strong>pmediesbo.</strong></span> <span class='ocrx_word' id='word_1_97' title='bbox 472 1513 551 1574; x_wconf 82' lang='lat' dir='ltr'><strong>Nom</strong></span> <span class='ocrx_word' id='word_1_98' title='bbox 579 1513 663 1594; x_wconf 88' lang='lat' dir='ltr'><strong>quod</strong></span> <span class='ocrx_word' id='word_1_99' title='bbox 688 1514 718 1573; x_wconf 88' lang='lat' dir='ltr'><strong>in</strong></span> <span class='ocrx_word' id='word_1_100' title='bbox 748 1534 798 1574; x_wconf 90' lang='lat' dir='ltr'><strong>me</strong></span> <span class='ocrx_word' id='word_1_101' title='bbox 824 1515 1022 1575; x_wconf 78' lang='lat' dir='ltr'><strong>eliminentur</strong></span> <span class='ocrx_word' id='word_1_102' title='bbox 1043 1518 1150 1573; x_wconf 74' lang='lat' dir='ltr'><strong>oontn</strong></span> 
     </span>
     <span class='ocr_line' id='line_1_15' title="bbox 232 1594 1200 1675; baseline -0.004 -17"><span class='ocrx_word' id='word_1_103' title='bbox 232 1611 426 1659; x_wconf 79' lang='lat' dir='ltr'><strong>eommunem</strong></span> <span class='ocrx_word' id='word_1_104' title='bbox 449 1596 701 1657; x_wconf 79' lang='lat' dir='ltr'><strong>consuetudinem</strong></span> <span class='ocrx_word' id='word_1_105' title='bbox 725 1616 774 1656; x_wconf 90' lang='lat' dir='ltr'><strong>me</strong></span> <span class='ocrx_word' id='word_1_106' title='bbox 797 1598 909 1657; x_wconf 83' lang='lat' dir='ltr'><strong>sentire</strong></span> <span class='ocrx_word' id='word_1_107' title='bbox 931 1598 971 1657; x_wconf 88' lang='lat' dir='ltr'><strong>de</strong></span> <span class='ocrx_word' id='word_1_108' title='bbox 989 1594 1150 1675; x_wconf 81' lang='lat' dir='ltr'><strong>indulgen·</strong></span> <span class='ocrx_word' id='word_1_109' title='bbox 1199 1666 1200 1675; x_wconf 9' lang='grc' dir='ltr'>χ</span> 
     </span>
     <span class='ocr_line' id='line_1_16' title="bbox 232 1678 1148 1761; baseline -0.001 -22"><span class='ocrx_word' id='word_1_110' title='bbox 232 1680 299 1757; x_wconf 88' lang='lat' dir='ltr'><strong>tlls,</strong></span> <span class='ocrx_word' id='word_1_111' title='bbox 326 1680 419 1760; x_wconf 81' lang='lat' dir='ltr'><strong>plone</strong></span> <span class='ocrx_word' id='word_1_112' title='bbox 444 1680 543 1740; x_wconf 83' lang='lat' dir='ltr'><strong>fateor</strong></span> <span class='ocrx_word' id='word_1_113' title='bbox 567 1681 611 1739; x_wconf 82' lang='lat' dir='ltr'><strong>its</strong></span> <span class='ocrx_word' id='word_1_114' title='bbox 636 1698 724 1754; x_wconf 83' lang='lat' dir='ltr'><strong>esse,</strong></span> <span class='ocrx_word' id='word_1_115' title='bbox 752 1688 783 1739; x_wconf 89' lang='lat' dir='ltr'><strong>et</strong></span> <span class='ocrx_word' id='word_1_116' title='bbox 812 1678 915 1741; x_wconf 82' lang='lat' dir='ltr'><strong>dedito</strong></span> <span class='ocrx_word' id='word_1_117' title='bbox 936 1698 1035 1761; x_wconf 82' lang='lat' dir='ltr'><strong>opero</strong></span> <span class='ocrx_word' id='word_1_118' title='bbox 1061 1698 1082 1737; x_wconf 81' lang='lat' dir='ltr'><strong>e</strong></span> <span class='ocrx_word' id='word_1_119' title='bbox 1102 1696 1148 1738; x_wconf 87' lang='lat' dir='ltr'><strong>me</strong></span> 
     </span>
     <span class='ocr_line' id='line_1_17' title="bbox 232 1762 1148 1842; baseline -0.002 -19"><span class='ocrx_word' id='word_1_120' title='bbox 232 1763 375 1842; x_wconf 74' lang='lat' dir='ltr'><strong>loetum,-</strong></span> <span class='ocrx_word' id='word_1_121' title='bbox 399 1768 433 1821; x_wconf 91' lang='lat' dir='ltr'><strong>ut</strong></span> <span class='ocrx_word' id='word_1_122' title='bbox 465 1763 668 1823; x_wconf 77' lang='lat' dir='ltr'><strong>discuteretur</strong></span> <span class='ocrx_word' id='word_1_123' title='bbox 694 1762 860 1841; x_wconf 76' lang='lat' dir='ltr'><strong>aliquando</strong></span> <span class='ocrx_word' id='word_1_124' title='bbox 887 1764 946 1826; x_wconf 83' lang='lat' dir='ltr'><strong>iste</strong></span> <span class='ocrx_word' id='word_1_125' title='bbox 977 1762 1148 1824; x_wconf 85' lang='lat' dir='ltr'><strong>eommunis</strong></span> 
     </span>
     <span class='ocr_line' id='line_1_18' title="bbox 233 1845 1200 1925; baseline -0.003 -20"><span class='ocrx_word' id='word_1_126' title='bbox 233 1846 350 1925; x_wconf 82' lang='lat' dir='ltr'><strong>opinio,</strong></span> <span class='ocrx_word' id='word_1_127' title='bbox 371 1847 457 1905; x_wconf 72' lang='lat' dir='ltr'><strong>iuxta</strong></span> <span class='ocrx_word' id='word_1_128' title='bbox 478 1864 569 1924; x_wconf 84' lang='lat' dir='ltr'><strong>quom</strong></span> <span class='ocrx_word' id='word_1_129' title='bbox 591 1847 701 1906; x_wconf 78' lang='lat' dir='ltr'><strong>merite</strong></span> <span class='ocrx_word' id='word_1_130' title='bbox 712 1845 823 1907; x_wconf 77' lang='lat' dir='ltr'><strong>Ghn&#39;sll</strong></span> <span class='ocrx_word' id='word_1_131' title='bbox 845 1850 950 1910; x_wconf 72' lang='lat' dir='ltr'><strong>vocari</strong></span> <span class='ocrx_word' id='word_1_132' title='bbox 972 1847 1147 1907; x_wconf 70' lang='lat' dir='ltr'><strong>thesaurum</strong></span> <span class='ocrx_word' id='word_1_133' title='bbox 1199 1850 1200 1891; x_wconf 64' lang='grc' dir='ltr'>ἒ</span> 
     </span>
     <span class='ocr_line' id='line_1_19' title="bbox 231 1926 1200 2009; baseline -0.001 -22"><span class='ocrx_word' id='word_1_134' title='bbox 231 1928 487 2007; x_wconf 75' lang='lat' dir='ltr'><strong>indulgentiarum</strong></span> <span class='ocrx_word' id='word_1_135' title='bbox 509 1948 573 1989; x_wconf 92' lang='lat' dir='ltr'><strong>non</strong></span> <span class='ocrx_word' id='word_1_136' title='bbox 593 1928 790 2009; x_wconf 68' lang='lat' dir='ltr'><strong>ignorabam,</strong></span> <span class='ocrx_word' id='word_1_137' title='bbox 821 1928 976 1991; x_wconf 86' lang='lat' dir='ltr'><strong>sedmilri</strong></span> <span class='ocrx_word' id='word_1_138' title='bbox 1010 1929 1091 1991; x_wconf 77' lang='lat' dir='ltr'><strong>false</strong></span> <span class='ocrx_word' id='word_1_139' title='bbox 1111 1926 1147 1987; x_wconf 81' lang='lat' dir='ltr'><strong>sd</strong></span> <span class='ocrx_word' id='word_1_140' title='bbox 1199 1946 1200 2007; x_wconf 50' lang='grc' dir='ltr'>ξ</span> 
     </span>
     <span class='ocr_line' id='line_1_20' title="bbox 231 2010 1200 2095; baseline -0.001 -25"><span class='ocrx_word' id='word_1_141' title='bbox 231 2011 393 2071; x_wconf 84' lang='lat' dir='ltr'><strong>verborum</strong></span> <span class='ocrx_word' id='word_1_142' title='bbox 414 2029 525 2072; x_wconf 87' lang='lat' dir='ltr'><strong>sonum</strong></span> <span class='ocrx_word' id='word_1_143' title='bbox 545 2012 714 2072; x_wconf 80' lang='lat' dir='ltr'><strong>videbatur.</strong></span> <span class='ocrx_word' id='word_1_144' title='bbox 756 2010 831 2072; x_wconf 87' lang='lat' dir='ltr'><strong>ldeo</strong></span> <span class='ocrx_word' id='word_1_145' title='bbox 853 2017 961 2095; x_wconf 88' lang='lat' dir='ltr'><strong>posui,</strong></span> <span class='ocrx_word' id='word_1_146' title='bbox 983 2010 1068 2093; x_wconf 84' lang='lat' dir='ltr'><strong>quod</strong></span> <span class='ocrx_word' id='word_1_147' title='bbox 1091 2010 1147 2072; x_wconf 77' lang='lat' dir='ltr'><strong>ele</strong></span> <span class='ocrx_word' id='word_1_148' title='bbox 1199 2046 1200 2085; x_wconf 56' lang='lat'>2</span> 
     </span>
     <span class='ocr_line' id='line_1_21' title="bbox 231 2094 1147 2174; baseline 0.003 -21"><span class='ocrx_word' id='word_1_149' title='bbox 231 2110 286 2154; x_wconf 86' lang='lat' dir='ltr'><strong>ves</strong></span> <span class='ocrx_word' id='word_1_150' title='bbox 320 2095 431 2155; x_wconf 87' lang='lat' dir='ltr'><strong>merito</strong></span> <span class='ocrx_word' id='word_1_151' title='bbox 461 2094 572 2156; x_wconf 79' lang='lat' dir='ltr'><strong>Christi</strong></span> <span class='ocrx_word' id='word_1_152' title='bbox 598 2095 732 2156; x_wconf 78' lang='lat' dir='ltr'><strong>donnus</strong></span> <span class='ocrx_word' id='word_1_153' title='bbox 758 2100 863 2156; x_wconf 83' lang='lat' dir='ltr'><strong>esseni</strong></span> <span class='ocrx_word' id='word_1_154' title='bbox 892 2099 943 2160; x_wconf 83' lang='lat' dir='ltr'><strong>hie</strong></span> <span class='ocrx_word' id='word_1_155' title='bbox 976 2097 1147 2174; x_wconf 75' lang='lat' dir='ltr'><strong>thesaurus,</strong></span> 
     </span>
     <span class='ocr_line' id='line_1_22' title="bbox 231 2171 1200 2260; baseline 0.003 -23"><span class='ocrx_word' id='word_1_156' title='bbox 231 2193 307 2252; x_wconf 52' lang='lat' dir='ltr'><strong>nou⁸</strong></span> <span class='ocrx_word' id='word_1_157' title='bbox 322 2179 448 2238; x_wconf 89' lang='lat' dir='ltr'><strong>omnino</strong></span> <span class='ocrx_word' id='word_1_158' title='bbox 478 2179 620 2240; x_wconf 88' lang='lat' dir='ltr'><strong>reiioiens</strong></span> <span class='ocrx_word' id='word_1_159' title='bbox 653 2178 910 2260; x_wconf 70' lang='lat' dir='ltr'><strong>eb&#39;indulgentiis</strong></span> <span class='ocrx_word' id='word_1_160' title='bbox 932 2182 1053 2242; x_wconf 79' lang='lat' dir='ltr'><strong>merite·</strong></span> <span class='ocrx_word' id='word_1_161' title='bbox 1067 2179 1147 2240; x_wconf 78' lang='lat' dir='ltr'><strong>otri-</strong></span> <span class='ocrx_word' id='word_1_162' title='bbox 1199 2171 1200 2214; x_wconf 56' lang='lat' dir='ltr'><strong>l</strong></span> 
     </span>
     <span class='ocr_line' id='line_1_23' title="bbox 231 2241 1147 2345; baseline 0.003 -25"><span class='ocrx_word' id='word_1_163' title='bbox 231 2261 291 2340; x_wconf 91' lang='lat' dir='ltr'><strong>sti,</strong></span> <span class='ocrx_word' id='word_1_164' title='bbox 314 2260 368 2321; x_wconf 90' lang='lat' dir='ltr'><strong>sed</strong></span> <span class='ocrx_word' id='word_1_165' title='bbox 391 2260 429 2320; x_wconf 83' lang='lat' dir='ltr'><strong>ed</strong></span> <span class='ocrx_word' id='word_1_166' title='bbox 453 2241 545 2322; x_wconf 72' lang='lat' dir='ltr'><strong>aliud</strong></span> <span class='ocrx_word' id='word_1_167' title='bbox 568 2279 692 2322; x_wconf 81' lang='lat' dir='ltr'><strong>sensum</strong></span> <span class='ocrx_word' id='word_1_168' title='bbox 715 2281 885 2345; x_wconf 80' lang='lat' dir='ltr'><strong>exponens,</strong></span> <span class='ocrx_word' id='word_1_169' title='bbox 907 2279 999 2345; x_wconf 82' lang='lat' dir='ltr'><strong>quom</strong></span> <span class='ocrx_word' id='word_1_170' title='bbox 1021 2263 1147 2331; x_wconf 73' lang='lat' dir='ltr'><strong>heberet</strong></span> 
     </span>
     <span class='ocr_line' id='line_1_24' title="bbox 230 2343 1146 2422; baseline 0.005 -20"><span class='ocrx_word' id='word_1_171' title='bbox 230 2343 337 2422; x_wconf 89' lang='lat' dir='ltr'><strong>opinio</strong></span> <span class='ocrx_word' id='word_1_172' title='bbox 360 2345 540 2408; x_wconf 84' lang='lat' dir='ltr'><strong>eommunis.</strong></span> <span class='ocrx_word' id='word_1_173' title='bbox 574 2344 665 2422; x_wconf 79' lang='lat' dir='ltr'><strong>Quod</strong></span> <span class='ocrx_word' id='word_1_174' title='bbox 687 2346 745 2406; x_wconf 89' lang='lat' dir='ltr'><strong>nisi</strong></span> <span class='ocrx_word' id='word_1_175' title='bbox 767 2365 835 2405; x_wconf 88' lang='lat' dir='ltr'><strong>oum</strong></span> <span class='ocrx_word' id='word_1_176' title='bbox 857 2348 1029 2410; x_wconf 79' lang='lat' dir='ltr'><strong>humilitate</strong></span> <span class='ocrx_word' id='word_1_177' title='bbox 1051 2353 1084 2406; x_wconf 86' lang='lat' dir='ltr'><strong>et</strong></span> <span class='ocrx_word' id='word_1_178' title='bbox 1105 2367 1146 2407; x_wconf 86' lang='lat' dir='ltr'><strong>re·</strong></span> 
     </span>
     <span class='ocr_line' id='line_1_25' title="bbox 229 2426 1146 2529; baseline 0.007 -44"><span class='ocrx_word' id='word_1_179' title='bbox 229 2427 367 2486; x_wconf 75' lang='lat' dir='ltr'><strong>verentis</strong></span> <span class='ocrx_word' id='word_1_180' title='bbox 386 2426 552 2488; x_wconf 86' lang='lat' dir='ltr'><strong>voluissem</strong></span> <span class='ocrx_word' id='word_1_181' title='bbox 586 2429 741 2488; x_wconf 89' lang='lat' dir='ltr'><strong>eommuui</strong></span> <span class='ocrx_word' id='word_1_182' title='bbox 764 2427 834 2488; x_wconf 84' lang='lat' dir='ltr'><strong>huie</strong></span> <span class='ocrx_word' id='word_1_183' title='bbox 862 2431 999 2529; x_wconf 83' lang='lat' dir='ltr'><strong>opinioni</strong></span> <span class='ocrx_word' id='word_1_184' title='bbox 1029 2434 1146 2491; x_wconf 70' lang='lat' dir='ltr'><strong>sonuu-</strong></span> 
     </span>
     <span class='ocr_line' id='line_1_26' title="bbox 229 2507 1200 2588; baseline 0.006 -20"><span class='ocrx_word' id='word_1_185' title='bbox 229 2507 352 2584; x_wconf 77' lang='lat' dir='ltr'><strong>disere,</strong></span> <span class='ocrx_word' id='word_1_186' title='bbox 374 2510 545 2570; x_wconf 87' lang='lat' dir='ltr'><strong>omisissem</strong></span> <span class='ocrx_word' id='word_1_187' title='bbox 567 2511 679 2588; x_wconf 81' lang='lat' dir='ltr'><strong>dicere,</strong></span> <span class='ocrx_word' id='word_1_188' title='bbox 702 2511 805 2572; x_wconf 80' lang='lat' dir='ltr'><strong>eleves</strong></span> <span class='ocrx_word' id='word_1_189' title='bbox 828 2520 935 2575; x_wconf 82' lang='lat' dir='ltr'><strong>merulo</strong></span> <span class='ocrx_word' id='word_1_190' title='bbox 959 2512 1074 2574; x_wconf 79' lang='lat' dir='ltr'><strong>Ohristi</strong></span> <span class='ocrx_word' id='word_1_191' title='bbox 1097 2512 1147 2574; x_wconf 92' lang='lat' dir='ltr'><strong>do·</strong></span> <span class='ocrx_word' id='word_1_192' title='bbox 1199 2579 1200 2584; x_wconf 8' lang='grc' dir='ltr'>γ</span> 
     </span>
     <span class='ocr_line' id='line_1_27' title="bbox 227 2594 1148 2675; baseline 0.008 -26"><span class='ocrx_word' id='word_1_193' title='bbox 227 2595 326 2668; x_wconf 66' lang='lat' dir='ltr'><strong>nam,</strong></span> <span class='ocrx_word' id='word_1_194' title='bbox 347 2597 381 2650; x_wconf 88' lang='lat' dir='ltr'><strong>ut</strong></span> <span class='ocrx_word' id='word_1_195' title='bbox 399 2595 522 2675; x_wconf 88' lang='lat' dir='ltr'><strong>penitus</strong></span> <span class='ocrx_word' id='word_1_196' title='bbox 544 2595 654 2655; x_wconf 85' lang='lat' dir='ltr'><strong>merito</strong></span> <span class='ocrx_word' id='word_1_197' title='bbox 675 2594 787 2654; x_wconf 78' lang='lat' dir='ltr'><strong>(ihrisiu&#39;</strong></span> <span class='ocrx_word' id='word_1_198' title='bbox 808 2597 1016 2660; x_wconf 70' lang='lat' dir='ltr'><strong>excluderem.</strong></span> <span class='ocrx_word' id='word_1_199' title='bbox 1060 2594 1148 2656; x_wconf 80' lang='lat' dir='ltr'><strong>Nune</strong></span> 
     </span>
     <span class='ocr_line' id='line_1_28' title="bbox 228 2675 1146 2756; baseline 0.007 -24"><span class='ocrx_word' id='word_1_200' title='bbox 228 2679 330 2733; x_wconf 79' lang='lat' dir='ltr'><strong>sutem</strong></span> <span class='ocrx_word' id='word_1_201' title='bbox 356 2675 488 2752; x_wconf 85' lang='lat' dir='ltr'><strong>involvi,</strong></span> <span class='ocrx_word' id='word_1_202' title='bbox 520 2684 555 2738; x_wconf 91' lang='lat' dir='ltr'><strong>ut</strong></span> <span class='ocrx_word' id='word_1_203' title='bbox 586 2678 689 2738; x_wconf 85' lang='lat' dir='ltr'><strong>mitior</strong></span> <span class='ocrx_word' id='word_1_204' title='bbox 721 2685 803 2740; x_wconf 87' lang='lat' dir='ltr'><strong>esset</strong></span> <span class='ocrx_word' id='word_1_205' title='bbox 826 2680 1046 2756; x_wconf 72' lang='lat' dir='ltr'><strong>contradictio,</strong></span> <span class='ocrx_word' id='word_1_206' title='bbox 1076 2679 1146 2756; x_wconf 85' lang='lat' dir='ltr'><strong>quin</strong></span> 
     </span>
     <span class='ocr_line' id='line_1_29' title="bbox 227 2759 1146 2844; baseline 0.004 -28"><span class='ocrx_word' id='word_1_207' title='bbox 227 2773 289 2817; x_wconf 88' lang='lat' dir='ltr'><strong>non</strong></span> <span class='ocrx_word' id='word_1_208' title='bbox 305 2773 482 2838; x_wconf 82' lang='lat' dir='ltr'><strong>psoeessem</strong></span> <span class='ocrx_word' id='word_1_209' title='bbox 505 2761 684 2837; x_wconf 68' lang='lat' dir='ltr'><strong>mortaliter,</strong></span> <span class='ocrx_word' id='word_1_210' title='bbox 707 2759 960 2844; x_wconf 74' lang='lat' dir='ltr'><strong>sldlxtrovegonti</strong></span> <span class='ocrx_word' id='word_1_211' title='bbox 981 2763 1014 2822; x_wconf 90' lang='lat' dir='ltr'><strong>ln</strong></span> <span class='ocrx_word' id='word_1_212' title='bbox 1029 2761 1146 2822; x_wconf 71' lang='lat' dir='ltr'><strong>&#39;faeiem</strong></span> 
     </span>
     <span class='ocr_line' id='line_1_30' title="bbox 226 2839 1146 2926; baseline 0.007 -28"><span class='ocrx_word' id='word_1_213' title='bbox 226 2839 413 2900; x_wconf 87' lang='lat' dir='ltr'><strong>restitissem.</strong></span> <span class='ocrx_word' id='word_1_214' title='bbox 459 2841 500 2902; x_wconf 72' lang='lat' dir='ltr'><strong>itt</strong></span> <span class='ocrx_word' id='word_1_215' title='bbox 525 2843 601 2904; x_wconf 90' lang='lat' dir='ltr'><strong>illud</strong></span> <span class='ocrx_word' id='word_1_216' title='bbox 623 2840 693 2904; x_wconf 85' lang='lat' dir='ltr'><strong>&#39;divi</strong></span> <span class='ocrx_word' id='word_1_217' title='bbox 725 2841 905 2926; x_wconf 81' lang='lat' dir='ltr'><strong>Hieronymi</strong></span> <span class='ocrx_word' id='word_1_218' title='bbox 934 2844 1146 2918; x_wconf 76' lang='lat' dir='ltr'><strong>&#39;adduxissem</strong></span> 
     </span>
     <span class='ocr_line' id='line_1_31' title="bbox 227 2920 1146 3009; baseline 0.005 -27"><span class='ocrx_word' id='word_1_219' title='bbox 227 2920 339 2983; x_wconf 82' lang='lat' dir='ltr'><strong>ubido</strong></span> <span class='ocrx_word' id='word_1_220' title='bbox 361 2924 397 2982; x_wconf 84' lang='lat' dir='ltr'><strong>iis</strong></span> <span class='ocrx_word' id='word_1_221' title='bbox 419 2923 561 3009; x_wconf 88' lang='lat' dir='ltr'><strong>loquens,</strong></span> <span class='ocrx_word' id='word_1_222' title='bbox 583 2931 635 3008; x_wconf 84' lang='lat' dir='ltr'><strong>qui</strong></span> <span class='ocrx_word' id='word_1_223' title='bbox 658 2925 803 3006; x_wconf 83' lang='lat' dir='ltr'><strong>quidquid</strong></span> <span class='ocrx_word' id='word_1_224' title='bbox 827 2929 959 2990; x_wconf 81' lang='lat' dir='ltr'><strong>dixerint</strong></span> <span class='ocrx_word' id='word_1_225' title='bbox 975 2927 1146 3008; x_wconf 82' lang='lat' dir='ltr'><strong>legemllei</strong></span> 
     </span>
     <span class='ocr_line' id='line_1_32' title="bbox 226 3005 1147 3092; baseline 0.008 -28"><span class='ocrx_word' id='word_1_226' title='bbox 226 3009 344 3086; x_wconf 72' lang='lat' dir='ltr'><strong>putant,</strong></span> <span class='ocrx_word' id='word_1_227' title='bbox 366 3005 456 3068; x_wconf 79' lang='lat' dir='ltr'><strong>dicit:</strong></span> <span class='ocrx_word' id='word_1_228' title='bbox 488 3009 555 3075; x_wconf 77' lang='lat' dir='ltr'><strong>Nee</strong></span> <span class='ocrx_word' id='word_1_229' title='bbox 574 3012 655 3074; x_wconf 87' lang='lat' dir='ltr'><strong>seire</strong></span> <span class='ocrx_word' id='word_1_230' title='bbox 676 3009 847 3090; x_wconf 82' lang='lat' dir='ltr'><strong>dignentur,</strong></span> <span class='ocrx_word' id='word_1_231' title='bbox 870 3011 942 3092; x_wconf 88' lang='lat' dir='ltr'><strong>quid</strong></span> <span class='ocrx_word' id='word_1_232' title='bbox 964 3010 1147 3090; x_wconf 81' lang='lat' dir='ltr'><strong>prophetoe,</strong></span> 
     </span>
     <span class='ocr_line' id='line_1_33' title="bbox 227 3087 1146 3170; baseline 0.007 -23"><span class='ocrx_word' id='word_1_233' title='bbox 227 3087 300 3167; x_wconf 85' lang='lat' dir='ltr'><strong>quid</strong></span> <span class='ocrx_word' id='word_1_234' title='bbox 336 3089 469 3170; x_wconf 81' lang='lat' dir='ltr'><strong>apostoli</strong></span> <span class='ocrx_word' id='word_1_235' title='bbox 493 3096 646 3160; x_wconf 88' lang='lat' dir='ltr'><strong>senserint</strong></span> <span class='ocrx_word' id='word_1_236' title='bbox 680 3097 773 3166; x_wconf 85' lang='lat' dir='ltr'><strong>(notu</strong></span> <span class='ocrx_word' id='word_1_237' title='bbox 796 3095 986 3170; x_wconf 67' lang='lat' dir='ltr'><strong>senserint),</strong></span> <span class='ocrx_word' id='word_1_238' title='bbox 1021 3092 1080 3154; x_wconf 88' lang='lat' dir='ltr'><strong>sed</strong></span> <span class='ocrx_word' id='word_1_239' title='bbox 1106 3093 1146 3153; x_wconf 82' lang='lat' dir='ltr'><strong>od</strong></span> 
     </span>
     <span class='ocr_line' id='line_1_34' title="bbox 225 3177 1147 3259; baseline 0.007 -29"><span class='ocrx_word' id='word_1_240' title='bbox 225 3184 348 3231; x_wconf 79' lang='lat' dir='ltr'><strong>sensum</strong></span> <span class='ocrx_word' id='word_1_241' title='bbox 378 3191 464 3232; x_wconf 88' lang='lat' dir='ltr'><strong>sunm</strong></span> <span class='ocrx_word' id='word_1_242' title='bbox 494 3177 671 3258; x_wconf 57' lang='lat' dir='ltr'><strong>incongruo*</strong></span> <span class='ocrx_word' id='word_1_243' title='bbox 686 3182 794 3259; x_wconf 78' lang='lat' dir='ltr'><strong>aptent</strong></span> <span class='ocrx_word' id='word_1_244' title='bbox 830 3177 1023 3250; x_wconf 77' lang='lat' dir='ltr'><strong>testimonie,</strong></span> <span class='ocrx_word' id='word_1_245' title='bbox 1060 3177 1147 3256; x_wconf 81' lang='lat' dir='ltr'><strong>quusi</strong></span> 
     </span>
     <span class='ocr_line' id='line_1_35' title="bbox 224 3253 1146 3345; baseline 0.007 -32"><span class='ocrx_word' id='word_1_246' title='bbox 224 3253 342 3345; x_wconf 58' lang='grc' dir='ltr'><strong>μῃᾶε</strong></span> <span class='ocrx_word' id='word_1_247' title='bbox 363 3255 412 3331; x_wconf 87' lang='lat' dir='ltr'><strong>sit,</strong></span> <span class='ocrx_word' id='word_1_248' title='bbox 434 3263 466 3316; x_wconf 88' lang='lat' dir='ltr'><strong>et</strong></span> <span class='ocrx_word' id='word_1_249' title='bbox 485 3277 548 3320; x_wconf 90' lang='lat' dir='ltr'><strong>non</strong></span> <span class='ocrx_word' id='word_1_250' title='bbox 570 3259 802 3322; x_wconf 82' lang='lat' dir='ltr'><strong>vitiosissimum</strong></span> <span class='ocrx_word' id='word_1_251' title='bbox 824 3259 1073 3340; x_wconf 82' lang='lat' dir='ltr'><strong>doeeudlgenus</strong></span> <span class='ocrx_word' id='word_1_252' title='bbox 1097 3257 1146 3319; x_wconf 86' lang='lat' dir='ltr'><strong>de-</strong></span> 
     </span>
     <span class='ocr_line' id='line_1_36' title="bbox 224 3341 1145 3425; baseline 0.007 -29"><span class='ocrx_word' id='word_1_253' title='bbox 224 3352 353 3425; x_wconf 73' lang='lat' dir='ltr'><strong>pravere</strong></span> <span class='ocrx_word' id='word_1_254' title='bbox 374 3341 559 3419; x_wconf 84' lang='lat' dir='ltr'><strong>sententies,</strong></span> <span class='ocrx_word' id='word_1_255' title='bbox 582 3351 614 3404; x_wconf 88' lang='lat' dir='ltr'><strong>st</strong></span> <span class='ocrx_word' id='word_1_256' title='bbox 634 3341 675 3407; x_wconf 81' lang='lat' dir='ltr'><strong>ed</strong></span> <span class='ocrx_word' id='word_1_257' title='bbox 697 3341 885 3404; x_wconf 83' lang='lat' dir='ltr'><strong>voluntatem</strong></span> <span class='ocrx_word' id='word_1_258' title='bbox 908 3359 994 3403; x_wconf 84' lang='lat' dir='ltr'><strong>suem</strong></span> <span class='ocrx_word' id='word_1_259' title='bbox 1018 3343 1079 3402; x_wconf 85' lang='lat' dir='ltr'><strong>seri</strong></span> <span class='ocrx_word' id='word_1_260' title='bbox 1136 3379 1145 3389; x_wconf 91' lang='lat'>-</span> 
     </span>
     <span class='ocr_line' id='line_1_37' title="bbox 224 3418 1144 3507; baseline 0.011 -33"><span class='ocrx_word' id='word_1_261' title='bbox 224 3427 289 3484; x_wconf 75' lang='lat' dir='ltr'><strong>rum</strong></span> <span class='ocrx_word' id='word_1_262' title='bbox 310 3418 432 3480; x_wconf 76' lang='lat' dir='ltr'><strong>truhsre</strong></span> <span class='ocrx_word' id='word_1_263' title='bbox 451 3425 687 3507; x_wconf 77' lang='lat' dir='ltr'><strong>repugnantem.</strong></span> <span class='ocrx_word' id='word_1_264' title='bbox 709 3423 760 3485; x_wconf 80' lang='lat' dir='ltr'><strong>ste</strong></span> <span class='ocrx_word' id='word_1_265' title='bbox 782 3432 865 3487; x_wconf 85' lang='lat' dir='ltr'><strong>eerte</strong></span> <span class='ocrx_word' id='word_1_266' title='bbox 885 3426 962 3486; x_wconf 80' lang='lat' dir='ltr'><strong>feeit</strong></span> <span class='ocrx_word' id='word_1_267' title='bbox 982 3425 1065 3484; x_wconf 81' lang='lat' dir='ltr'><strong>hese</strong></span> <span class='ocrx_word' id='word_1_268' title='bbox 1135 3461 1144 3470; x_wconf 93' lang='lat'>-</span> 
     </span>
     <span class='ocr_line' id='line_1_38' title="bbox 224 3500 1143 3592; baseline 0.001 -26"><span class='ocrx_word' id='word_1_269' title='bbox 224 3500 397 3592; x_wconf 55' lang='lat' dir='ltr'><strong>derogans,</strong></span> <span class='ocrx_word' id='word_1_270' title='bbox 418 3523 489 3566; x_wconf 81' lang='lat' dir='ltr'><strong>nom</strong></span> <span class='ocrx_word' id='word_1_271' title='bbox 510 3506 606 3572; x_wconf 78' lang='lat' dir='ltr'><strong>verbe</strong></span> <span class='ocrx_word' id='word_1_272' title='bbox 627 3507 667 3576; x_wconf 81' lang='lat' dir='ltr'><strong>de</strong></span> <span class='ocrx_word' id='word_1_273' title='bbox 688 3508 803 3570; x_wconf 83' lang='lat' dir='ltr'><strong>meritis</strong></span> <span class='ocrx_word' id='word_1_274' title='bbox 821 3508 943 3586; x_wconf 70' lang='lat' dir='ltr'><strong>christi,</strong></span> <span class='ocrx_word' id='word_1_275' title='bbox 966 3505 1079 3587; x_wconf 90' lang='lat' dir='ltr'><strong>quibus</strong></span> <span class='ocrx_word' id='word_1_276' title='bbox 1100 3525 1143 3567; x_wconf 88' lang='lat' dir='ltr'><strong>re-</strong></span> 
     </span>
     <span class='ocr_line' id='line_1_39' title="bbox 224 3583 1143 3672; baseline 0.011 -34"><span class='ocrx_word' id='word_1_277' title='bbox 224 3583 382 3667; x_wconf 75' lang='lat' dir='ltr'><strong>msttuntur</strong></span> <span class='ocrx_word' id='word_1_278' title='bbox 401 3588 540 3668; x_wconf 72' lang='lat' dir='ltr'><strong>pestate,</strong></span> <span class='ocrx_word' id='word_1_279' title='bbox 562 3590 655 3652; x_wconf 80' lang='lat' dir='ltr'><strong>trehit</strong></span> <span class='ocrx_word' id='word_1_280' title='bbox 675 3588 715 3655; x_wconf 80' lang='lat' dir='ltr'><strong>ud</strong></span> <span class='ocrx_word' id='word_1_281' title='bbox 735 3589 952 3672; x_wconf 84' lang='lat' dir='ltr'><strong>lndulgentlss,</strong></span> <span class='ocrx_word' id='word_1_282' title='bbox 976 3589 1061 3668; x_wconf 85' lang='lat' dir='ltr'><strong>quod</strong></span> <span class='ocrx_word' id='word_1_283' title='bbox 1085 3607 1143 3668; x_wconf 82' lang='lat' dir='ltr'><strong>qua</strong></span> 
     </span>
     <span class='ocr_line' id='line_1_40' title="bbox 224 3656 1026 3757; baseline 0.011 -33"><span class='ocrx_word' id='word_1_284' title='bbox 224 3656 277 3724; x_wconf 63' lang='lat' dir='ltr'><strong>flul</strong></span> <span class='ocrx_word' id='word_1_285' title='bbox 297 3666 488 3757; x_wconf 76' lang='lat' dir='ltr'><strong>uongruttste</strong></span> <span class='ocrx_word' id='word_1_286' title='bbox 508 3669 635 3751; x_wconf 74' lang='lat' dir='ltr'><strong>oduerte</strong></span> <span class='ocrx_word' id='word_1_287' title='bbox 662 3691 786 3752; x_wconf 76' lang='lat' dir='ltr'><strong>quaeso,</strong></span> <span class='ocrx_word' id='word_1_288' title='bbox 955 3679 978 3696; x_wconf 79' lang='grc'>”</span> <span class='ocrx_word' id='word_1_289' title='bbox 1022 3677 1026 3686; x_wconf 80' lang='grc'><em>’</em></span> 
     </span>
    </p>
   </div>
   <div class='ocr_carea' id='block_1_3' title="bbox 229 3760 641 3788">
    <p class='ocr_par' dir='ltr' id='par_1_4' title="bbox 229 3760 641 3788">
     <span class='ocr_line' id='line_1_41' title="bbox 229 3760 641 3788; baseline 0 -15"><span class='ocrx_word' id='word_1_290' title='bbox 229 3760 641 3788; x_wconf 51' lang='lat' dir='ltr'><strong>QQ</strong></span> 
     </span>
    </p>
   </div>
   <div class='ocr_carea' id='block_1_4' title="bbox 232 3789 770 3907">
    <p class='ocr_par' dir='ltr' id='par_1_5' title="bbox 232 3789 770 3907">
     <span class='ocr_line' id='line_1_42' title="bbox 232 3789 770 3907; baseline 0.048 -38"><span class='ocrx_word' id='word_1_291' title='bbox 232 3815 253 3840; x_wconf 85' lang='grc'>”</span> <span class='ocrx_word' id='word_1_292' title='bbox 277 3820 309 3888; x_wconf 83' lang='lat' dir='ltr'><strong>l)</strong></span> <span class='ocrx_word' id='word_1_293' title='bbox 327 3819 363 3877; x_wconf 76' lang='lat' dir='ltr'><strong>ln&#39;</strong></span> <span class='ocrx_word' id='word_1_294' title='bbox 374 3827 417 3882; x_wconf 73' lang='lat' dir='ltr'><strong>ed.</strong></span> <span class='ocrx_word' id='word_1_295' title='bbox 436 3829 642 3907; x_wconf 80' lang='lat' dir='ltr'><strong>orig.&#39;(Witt):</strong></span> <span class='ocrx_word' id='word_1_296' title='bbox 662 3789 770 3895; x_wconf 75' lang='lat' dir='ltr'><strong>dieitur.</strong></span> 
     </span>
    </p>
   </div>
   <div class='ocr_carea' id='block_1_5' title="bbox 0 0 1304 4300">
    <p class='ocr_par' dir='ltr' id='par_1_6' title="bbox 0 0 1304 4300">
     <span class='ocr_line' id='line_1_43' title="bbox 0 0 1304 4300; baseline 0 2"><span class='ocrx_word' id='word_1_297' title='bbox 0 0 1304 4300; x_wconf 95' lang='lat' dir='ltr'><strong> </strong></span> 
     </span>
    </p>
   </div>
  </div>
 </body>
</html>
