2600 4300
386 324 423 381 ati
438 323 513 383 Diei.
529 324 561 386 F.
578 324 647 385 sur.
666 325 818 386 emanatio
1019 323 1062 394 29

143 494 230 575 eulpa
249 514 323 556 mea
343 499 409 573 eet,
440 495 513 573 quio
544 513 606 558 noo
635 496 710 556 satis
736 514 786 557 me
807 496 956 576 expressi.
999 493 1061 560 Sed

143 597 196 640 nso
217 580 368 658 oportuit,
391 577 713 657 oumdisputstionem
731 597 948 658 proponerem.
985 577 1060 643 Sen-

142 681 189 722 sus
207 680 301 722 mene
320 666 371 724 eet
390 668 423 722 et
442 660 512 739 fuit,
538 660 622 740 qnod
642 661 717 722 olim
738 679 801 740 non
823 660 1062 726 absolvebantur

143 751 210 806 ante
230 745 459 824 poenitentiam
479 743 645 824 expletam,
680 743 764 823 qnod
801 764 841 806 ex
869 764 907 806 eo
936 752 1062 826 poteras

143 827 324 907 intelligere,
345 826 429 907 quod
450 826 609 909 subiunxi,
632 837 776 906 tanquem
800 835 989 890 tentamenta
1005 848 1060 892 vre-

142 929 190 972 rae
207 912 418 972 counitionis.
471 909 586 972 Nostro
620 911 703 971 enim
723 912 852 989 seculo,
879 911 931 972 nbi
959 911 1061 974 solnm

143 994 324 1073 imponitur,
356 1013 421 1054 non
441 1000 544 1057 autem
564 993 709 1072 impletur
728 1001 800 1057 onte
821 994 1061 1072 absolutionem,

142 1095 200 1136 oon
221 1083 331 1156 poteet
350 1077 515 1156 explorari,
537 1095 576 1136 an
598 1095 673 1136 vera
693 1077 734 1136 sit
754 1079 908 1142 contritio.
944 1077 985 1140 m
1006 1080 1061 1140 uti

142 1177 206 1220 uam
228 1157 284 1220 iile
304 1166 394 1220 vetos
415 1177 484 1220 moe
502 1166 708 1220 revoearetur.
977 1212 980 1220 ,

219 1239 271 1302 Ad
293 1243 416 1302 tertiam
437 1240 587 1304 decimam
608 1241 754 1303 eonoedis
776 1263 882 1306 verum
905 1264 984 1324 esse,
1006 1265 1062 1326 per

142 1331 269 1387 mortem
291 1325 398 1386 omnia
422 1324 515 1403 solui,
543 1324 596 1386 ubi
618 1345 658 1386 ex
680 1343 799 1388 oenone
821 1334 937 1389 tantum
959 1347 1062 1409 poena

142 1407 277 1470 debetur.
312 1405 403 1482 Quod
424 1409 547 1485 eieam,
570 1427 661 1487 quam
683 1411 815 1488 imponit
836 1429 946 1489 senon,
969 1413 1061 1474 etiem

144 1490 245 1552 divina
293 1491 410 1551 iustitis
450 1492 576 1570 exigat,
618 1493 828 1572 purgatorium
872 1511 968 1574 neges
1011 1513 1062 1564 os·

142 1592 225 1634 essee
246 1581 305 1637 est.

215 1656 431 1736 Respondeo:
464 1655 536 1718 Sive
557 1657 672 1717 iustitio
694 1658 808 1738 exigat,
832 1660 897 1718 sive
918 1677 998 1738 non,
1019 1662 1062 1722 ni-

142 1740 180 1798 hil
199 1739 265 1800 hoe
285 1738 327 1800 ad
348 1739 452 1801 slaves
474 1739 646 1816 ecelesiae,
669 1739 724 1800 sed
747 1740 785 1800 sd
809 1743 967 1804 orationes
988 1742 1063 1804 dun·

141 1829 232 1884 taxat.
275 1821 361 1886 Sient
381 1822 516 1885 Jaoobue'
537 1820 666 1900 dieit‚*)
697 1823 780 1902 quod
802 1826 901 1886 oratio
922 1823 993 1888 fidei
1015 1845 1063 1888 ee-

145 1905 254 1966 etesiae
265 1887 409 1966 ‘salvebit
428 1903 597 1983 infirmum,
629 1913 677 1984 et,
706 1907 731 1966 si
759 1908 789 1966 in
811 1910 947 1986 peeoetis
964 1909 1062 1988 fuerit,

144 1989 331 2050 remittentur
351 1989 390 2050 oi.
1071 2001 1079 2012 '

220 2069 378 2150 Secundo,
399 2069 488 2132 tieret
508 2077 581 2132 tuoe
602 2072 802 2134 ministerium
824 2071 955 2134 elavinm
978 2073 1062 2136 aliud

145 2154 214 2216 nihii
234 2173 330 2234 qnam
351 2156 511 2235 negotium
531 2156 750 2234 perambulans
771 2156 802 2215 in
825 2156 968 2236 tenebris,
991 2160 1063 2237 quia

146 2236 289 2315 solveret,
322 2238 466 2300 neseieos
488 2237 563 2317 quid
584 2246 615 2297 et
636 2246 783 2317 quantum
807 2239 957 2318 solveret,
980 2242 1062 2319 quoti

146 2320 212 2381 mihi
232 2328 319 2381 eerte
339 2322 414 2382 setis
442 2320 608 2383 absurdum
636 2321 765 2383 videtur.
813 2321 892 2383 Nam
920 2322 1064 2385 iudicium

145 2402 208 2463 ierri
233 2422 298 2465 non
320 2402 415 2465 debet
434 2422 528 2484 nuper
546 2423 580 2465 re
600 2423 725 2483 prorsus
745 2406 912 2485 inoogoits.
953 2404 1063 2469 Gieves

146 2487 218 2546 enim
247 2505 316 2546 rem
344 2493 460 2547 sertam
485 2493 517 2546 et
537 2485 669 2547 solidam
692 2488 814 2567 operari
835 2486 958 2551 debent.
1002 2488 1063 2553 eed

146 2569 199 2629 iam
219 2570 296 2629 satia
319 2588 414 2651 snpra
434 2576 467 2630 et
486 2568 570 2631 alibi.

219 2650 343 2729 Tertio,
366 2670 430 2713 noo
452 2653 604 2731 seqnitur,
631 2652 703 2715 ideo
730 2655 941 2733 purgatorium
968 2674 987 2715 e
1015 2676 1064 2717 me

148 2735 254 2815 negari,
276 2734 458 2814 sedentum,
479 2734 563 2814 qnod
578 2737 789 2816 purgatorium
804 2738 914 2799 virtute
932 2738 1063 2801 oiseium

149 2835 202 2879 non
222 2818 324 2898 poenit
344 2816 434 2896 solvi,
457 2824 491 2879 ut
510 2818 599 2879 inire.
830 2864 836 2871 -

218 2900 270 2961 Ad
298 2907 438 2979 quartam
470 2900 638 2978 demmam,
674 2908 706 2961 et
735 2902 871 2981 quintam
900 2903 1062 2984 desimam,

151 2982 191 3045 obi
214 2983 385 3063 disputavi,
408 3002 488 3063 quae
508 2984 582 3045 mihi
605 2983 760 3045 videretur
781 3005 851 3047 esse
872 3005 975 3065 pesae
995 3008 1063 3067 pur·

152 3067 259 3145 georii,
281 3066 403 3129 seilicet
422 3067 533 3147 norror
547 3073 579 3127 et
594 3068 696 3146 timor,
713 3086 750 3127 se
762 3086 860 3149 prope
877 3069 1063 3150 desperatio,

153 3156 203 3208 tres
224 3149 298 3209 mihi
320 3149 471 3209 falsitates
491 3151 626 3230 imponit
648 3156 681 3210 et
702 3153 914 3213 temeritatem.

223 3231 412 3312 Respondes
435 3232 475 3293 ad
496 3234 699 3295 temeritatem
721 3234 820 3329 psius:
843 3235 987 3300 Eiusdem
1010 3237 1064 3296 eri·

153 3315 231 3375 minis
252 3334 323 3379 reue
344 3334 467 3377 meeum
499 3335 533 3377 ee
561 3322 593 3377 et
620 3322 663 3393 tu,
691 3323 723 3377 st
754 3316 785 3379 S.
815 3318 967 3397 Thomas,
1000 3320 1063 3381 imo

120 3392 128 3411 ’
154 3396 276 3459 Thomas
299 3399 436 3459 omnium
458 3400 601 3477 maxime,
622 3400 675 3477 qui
696 3418 752 3479 per
773 3403 877 3463 omnia
897 3402 993 3463 ferme
1009 3421 1064 3465 sus

156 3481 258 3559 eeripta
292 3480 375 3544 aliud
396 3482 473 3543 nihii
498 3482 586 3561 feeit,
624 3500 717 3561 quem
745 3482 893 3563 disputat,
931 3490 964 3547 et
983 3485 1066 3565 quod

159 3562 261 3641 grande
277 3571 334 3643 est,
356 3565 449 3625 etiem
473 3583 519 3644 eo,
541 3583 620 3645 quae
636 3564 708 3627 fidei
724 3572 804 3671 sunt,
825 3568 856 3627 in
870 3569 1066 3647 quaestiones

203 3828 231 3893 ‘i
246 3828 343 3886 ono.
360 3831 387 3887 5.
