2600 4300
231 307 295 372 444
475 306 618 377 Apellado
628 305 659 360 F.
677 305 789 362 hreni
806 293 914 362 hutini

102 478 115 497 ⁸
231 481 327 557 tione,
348 480 552 561 suspensione
573 485 606 540 et
631 476 788 541 intendisti
808 478 985 556 sententiis,
1007 479 1157 558 masada

230 564 340 646 poenis
357 569 389 623 et
409 563 547 642 mutetis,
574 566 669 640 etque
688 561 757 622 aliis
779 559 1011 642 quibusounque
1038 561 1162 624 denun-

231 646 415 708 oistionibus
437 651 470 706 et
489 643 749 709 declarationibus
763 641 817 726 (nt
836 645 1063 725 praetendunt)
1087 645 1158 706 bae-

230 730 308 790 resis
329 735 363 790 et
382 729 559 810 apostasiae
579 747 635 808 per
657 746 712 790 eos
726 727 777 788 vel
798 726 927 788 alterum
950 747 1060 790 eorum
1084 747 1157 811 qno·

231 811 403 874 modolibet
423 813 605 888 uomens,
633 811 723 872 laede
744 816 778 872 et
797 810 928 889 molitis,
955 811 1159 892 attentandis,

230 895 379 958 faciendis
399 902 432 956 et
450 893 635 974 moliendis,
668 895 868 975 ipsorumque
895 894 1036 956 nullitate
1075 897 1157 973 (suis

230 978 352 1041 bonore
377 986 409 1038 et
428 979 604 1040 reverentia
623 997 748 1058 semper
781 974 892 1059 snlyis)
929 983 1081 1058 tanquam
1104 980 1157 1038 ini-

230 1062 299 1142 quia
326 1068 358 1122 et
383 1061 520 1138 iniustis,
547 1080 631 1121 mere
654 1059 822 1142 tyranniois
851 1069 883 1120 et
904 1060 1078 1139 violentis,
1101 1079 1159 1123 nee

183 1154 186 1158 “
231 1163 295 1206 non
316 1164 337 1205 a
357 1143 496 1224 quolibet
516 1144 616 1204 futuro
638 1144 827 1224 gravamine,
850 1143 932 1222 quod
955 1144 1030 1204 mibi
1054 1163 1097 1205 ex
1120 1165 1156 1206 eo

230 1228 336 1288 venire
355 1227 484 1306 poterit,
505 1233 568 1287 tarn
590 1245 734 1306 prome,
764 1245 854 1305 quem
877 1246 935 1306 pro
957 1225 1107 1288 omnibns
1129 1236 1159 1288 et

229 1310 357 1458 ngfpltis
378 1309 452 1370 mihi
465 1308 715 1452 adbslterentlibup.
727 1314 759 1370 et
775 1307 944 1454 adbaerepe
967 1309 1156 1456 vopertrgibpds,

336 1413 423 1453 urum
444 1412 609 1454 eoueruum
707 1411 768 1452 rme
801 1410 838 1452 ao
858 1413 889 1452 ιιι
925 1412 984 1454 oeo
1020 1413 1041 1454 u

229 1493 320 1556 quem
342 1495 423 1558 ego,
451 1475 501 1536 vel
522 1411 705 1555 pmeunetbl
724 1435 779 1555 per,
807 1495 856 1538 me
878 1439 1096 1556 deputandus,
1124 1476 1154 1540 li·

229 1558 304 1619 bere
324 1558 411 1620 adire
430 1563 558 1638 potero,
585 1558 638 1619 vel
658 1558 789 1639 poterit,
818 1561 849 1620 et
870 1558 909 1620 ad
929 1559 1016 1620 illum
1041 1559 1095 1622 vel
1117 1561 1155 1622 sd

228 1641 310 1719 illos,
331 1641 371 1703 ad
392 1661 485 1720 quem
506 1660 653 1721 seuquos
675 1640 714 1702 de
731 1641 806 1720 iure,
828 1641 999 1724 privilegio,
1024 1662 1154 1705 eonsue-

231 1724 348 1801 tudine,
370 1725 421 1784 vel
442 1724 520 1786 alias
541 1725 616 1786 mibi
636 1743 809 1804 pronooare
836 1725 1050 1806 etappellare
1074 1727 1154 1805 lieet,

227 1826 366 1888 pronoen
389 1812 421 1868 et
439 1806 565 1888 appello
587 1808 620 1868 in
640 1807 679 1868 iis
696 1807 826 1886 seriptis,
848 1808 1077 1889 apostolosque
1098 1813 1154 1890 pri·

201 1889 961 2052 ‘lt&blitildetellite
979 1893 1153 2037 iffi

224 2055 283 2118 hos
304 2057 438 2118 voluerit
457 2062 490 2117 et
509 1993 653 2136 poluerit,
674 2061 707 2116 et
726 1993 948 2136 proeeertque
968 2057 1072 2137 vobis,
1092 2059 1150 2121 Do-

225 2140 310 2201 mino
331 2139 470 2218 Noterio,
494 2139 729 2217 testimoniales,
751 2146 782 2201 et
804 2145 960 2221 protestor
982 2140 1022 2203 de
1045 2162 1151 2224 prose

226 2222 349 2302 quondo
369 2223 452 2283 bane
474 2243 574 2285 meam
597 2222 849 2303 Appellationem
876 2244 933 2304 per
957 2226 1040 2285 viem
1063 2226 1151 2287 nulli·

226 2307 306 2385 tatis,
318 2305 442 2385 abusus,
460 2306 630 2386 iniqnitatis
641 2305 692 2369 vel
705 2307 882 2386 iniustitiae,
899 2307 1033 2385 stelias,
1059 2317 1151 2391 prout

225 2388 335 2449 melius
355 2395 477 2469 potero,
499 2390 628 2471 optione
649 2389 724 2451 mihi
750 2397 907 2453 reseruata
927 2390 1074 2468 addendi,
1099 2394 1150 2453 mi·

224 2471 349 2548 nuendi,
371 2470 519 2551 mutandi,
531 2472 715 2553 corrigendi,
738 2478 770 2533 et
780 2472 935 2541 inmelius
951 2474 1149 2555 reformandi,

225 2556 372 2634 omnique
381 2555 455 2637 xolio
476 2556 549 2617 iuris
571 2554 724 2617 benefitio
757 2555 849 2635 mibi,
882 2574 920 2617 ee
940 2558 1014 2619 mibi
1036 2558 1148 2619 edbae

224 2638 361 2699 rentibus
382 2644 415 2699 et
432 2638 602 2701 adhaerere
625 2638 800 2702 volentibus
823 2658 946 2721 semper
966 2641 1067 2703 selvo.

306 2719 376 2796 Qua
396 2721 520 2801 quidem
540 2721 690 2783 sebeduls
712 2740 879 2783 ooremme
900 2729 933 2783 et
954 2724 1084 2785 testibus
1105 2726 1147 2786 in·

225 2803 271 2864 fre
291 2805 432 2885 seriptis,
454 2811 489 2865 nt
507 2806 726 2885 praemittitur,
755 2805 937 2886 interposite
958 2814 1145 2887 protestatus

224 2886 291 2961 fuit,
312 2893 344 2948 et
363 2887 598 2968 protestabatur
612 2906 760 2969 expresse
780 2907 816 2949 se
837 2908 893 2969 per
914 2908 948 2950 se
970 2890 1021 2951 vel
1037 2910 1144 2971 proeu·

223 2975 367 3045 retorem,
387 2989 451 3032 non
477 2990 572 3052 posse
592 2970 634 3033 ad
655 2990 724 3033 enm
738 2970 898 3049 eoeedere,
920 2992 939 3033 a
957 2992 1020 3053 qno
1031 2976 1145 3035 exstitit
1200 2968 1201 2979 ’

225 3052 422 3134 appellatum,
436 3059 501 3115 tum
510 3060 637 3135 propter
643 3061 758 3115 metum
771 3054 979 3135 plurimorum,
992 3056 1093 3119 sibiet
1103 3058 1141 3117 vi·

225 3143 277 3197 tae
289 3155 364 3197 suae
385 3136 603 3220 insidiantium,
620 3138 748 3216 nesius,
773 3156 868 3218 equo
887 3138 1066 3220 appellavit
1082 3145 1141 3201 turn

224 3224 351 3301 propter
365 3220 482 3281 viarum
504 3219 689 3283 discrimina.
712 3220 845 3299 Ideoque
859 3222 947 3301 petiit
967 3221 1024 3283 sibi
1045 3242 1066 3283 n
1085 3240 1140 3299 me,

108 3357 112 3365 ι
225 3302 353 3365 Notario
373 3302 509 3383 publioo,
520 3321 590 3363 oum
607 3302 712 3365 debita
724 3302 872 3366 insnntie
883 3305 1045 3384 apostolos
1058 3306 1140 3382 tales,

226 3385 334 3465 quales
355 3386 413 3447 sibi
432 3384 474 3446 de
493 3385 560 3446 inre
580 3384 782 3465 deberentur,
804 3386 869 3447 dari
890 3394 983 3467 atque
1004 3387 1136 3451 oonoedi.

226 3466 282 3529 Oui
303 3467 426 3549 quidem
447 3468 565 3550 petenti
586 3468 658 3529 dedi
670 3469 832 3550 apostolos
847 3468 934 3548 teies,
958 3471 1064 3551 quales
1085 3472 1137 3532 sibi

226 3550 384 3628 debentur,
405 3550 455 3611 vel
477 3551 587 3611 saltem
600 3552 822 3613 testimoniales
842 3554 1021 3633 praesertim
1046 3555 1074 3634 ¹)
1097 3556 1136 3615 in·

280 3814 311 3881 ι)
330 3816 362 3869 In
377 3816 421 3872 ed.
438 3817 515 3873 len:
532 3822 681 3894 prpesenti.
717 3777 722 3787 =
