2600 4300
410 330 445 385 do
463 333 565 404 riptmo
583 330 827 401 indulgendum.
1012 324 1073 393 13?

274 532 576 643 Resolutioues
603 522 954 667 Disputationum

154 703 191 770 de
213 703 308 770 indul
332 707 492 772 entiorum
511 704 651 781 uirtute,
681 702 717 771 R.
740 703 772 773 P.
796 724 832 773 ao
856 721 965 775 sauros
987 704 1073 773 theu·

150 786 257 867 lugius
301 722 449 865 ¹doctoris
490 786 624 854 mortim
664 788 798 856 Lutheri
840 790 1075 875 Augustinioui

150 870 480 973 Vuittombergensis,
525 870 576 937 Ad
609 872 741 938 Leonem
774 872 925 941 deoimum
956 872 1074 941 Pontit

386 954 530 1021 omnibus
551 952 653 1023 modis
676 974 836 1023 summum.

287 1036 460 1115 candidum
481 1040 514 1103 et
534 1036 670 1121 liberum
691 1036 840 1107 lentorem
855 1040 943 1151 opto.
994 1116 996 1124 ¹

480 1173 698 1235 Conclusio
721 1176 742 1236 1.

236 1290 386 1351 Dominus
409 1301 440 1351 et
461 1293 728 1375 magisternoster
748 1292 833 1353 Iesus
857 1292 1009 1369 Christus,
1033 1291 1075 1353 di·

153 1372 271 1435 cendo:
297 1374 520 1435 Poenitentiom
544 1376 626 1457 agite
656 1382 714 1437 ete.
739 1396 861 1456 omnem
884 1376 977 1437 vitum
1001 1376 1074 1439 fide·

152 1458 226 1517 lium
249 1459 474 1539 poenitentium
497 1478 566 1517 esse
587 1458 694 1521 voluit.
1070 1462 1073 1471 ’

226 1610 229 1617 Ι
360 1540 448 1600 Hane
470 1560 584 1618 assero,
602 1549 634 1603 et
655 1542 729 1603 nihil
751 1540 867 1603 dubito.
969 1550 979 1636 'r

233 1620 337 1685 Probo
373 1631 473 1683 tumen
513 1644 580 1683 eum
623 1624 671 1685 vel
707 1624 788 1685 rudis
831 1626 1075 1707 ingeniiouusu

153 1706 250 1785 primo
274 1725 313 1765 ex
347 1706 415 1787 ipso
444 1706 538 1767 verbo
561 1706 681 1769 Graeco
716 1713 925 1789 μετανοεῖτε,
958 1708 989 1768 id
1019 1715 1075 1787 est,

153 1788 375 1867 poenitentium
391 1790 484 1870 agite,
506 1790 587 1874 quod
601 1790 785 1874 rigidissime
797 1790 950 1853 transferri
963 1798 1075 1873 potest,

155 1869 433 1948 tmnsmentamini‚
461 1872 490 1932 id
519 1866 582 1949 es't,
619 1881 754 1938 mentem
788 1881 819 1935 et
837 1894 958 1935 sensum
983 1874 1074 1935 alium

154 1954 277 2028 induite,
299 1957 481 2035 resipiscite,
504 1957 661 2017 transitum
686 1956 796 2017 mentis
820 1966 851 2017 et
872 1958 968 2037 phase
990 1954 1074 2039 spiri·

156 2046 201 2097 tus
222 2038 321 2119 agite,
352 2045 385 2097 ut
407 2039 523 2098 scilieet
551 2059 632 2099 nuno
663 2039 812 2101 eoelestia
845 2042 989 2121 sapietis,
1024 2040 1074 2121 qui

156 2120 311 2199 hueusque
331 2131 453 2182 terreno
468 2122 620 2202 sapuistis,
642 2123 724 2202 quod
740 2122 909 2204 Apostolus
922 2124 1011 2186 Rom.
1028 2124 1074 2186 12.

158 2205 238 2263 dieit:
276 2205 481 2265 Renovomiui
514 2206 651 2266 novitate
683 2208 794 2267 mentis
828 2217 957 2270 vestrae.
1007 2203 1075 2281 Quo

98 2356 99 2359 Ἴ
158 2289 365 2366 resipiscentia
397 2286 447 2366 iit,
488 2296 521 2348 ut
549 2289 656 2352 redeat
687 2293 915 2372 praevaricator
948 2289 986 2349 ud
1022 2307 1076 2350 oor

98 2388 99 2429 u
159 2370 300 2448 odiutque
322 2389 409 2429 suum
434 2379 606 2451 peecatum.

234 2453 362 2512 Certum
383 2463 431 2512 est
452 2460 563 2528 eutero,
586 2455 668 2533 quod
691 2457 750 2515 isto
772 2457 998 2536 resipiscentis,
1021 2474 1074 2514 seu
1148 2484 1151 2492 ·

160 2536 256 2595 odium
286 2537 333 2595 sui
368 2543 433 2595 totu
461 2538 526 2596 vitu
552 2535 619 2596 deri
645 2538 772 2614 debeat,
805 2541 890 2599 iuxta
929 2537 1002 2598 iilud
1019 2539 1075 2608 *):

160 2617 212 2692 Qui
234 2619 302 2678 odit
327 2621 459 2678 animum
488 2635 573 2680 suom
601 2622 632 2679 in
669 2621 729 2680 hoo
756 2621 888 2699 mundo,
922 2623 952 2680 iu
980 2621 1074 2681 vitum

98 2720 99 2773 u
160 2710 310 2760 ueternum
336 2700 468 2762 custodit
490 2721 568 2762 eom.
603 2702 643 2762 Et
663 2705 797 2763 iterumn
813 2703 871 2779 Qui
888 2724 949 2763 non
965 2704 1076 2783 uooipit

159 2801 275 2844 omoem
299 2803 402 2858 suam,
424 2792 456 2843 et
476 2787 613 2863 sequitur
633 2801 701 2864 ure,
730 2807 791 2848 nun
815 2795 861 2848 est
884 2803 932 2846 nne
955 2781 1075 2866 dignus.

98 2912 99 2943 y
160 2867 196 2925 Et
214 2866 344 2928 ibidem:
375 2867 444 2927 Nun
467 2869 538 2927 ueni
559 2887 667 2948 paoem
691 2871 826 2949 mittere,
855 2869 907 2929 sed
930 2869 1075 2949 gladium.

98 2962 99 3027 ᾗ
159 2949 261 3011 nauh.
285 2954 321 3013 δε
354 2949 441 3009 Beati
464 2953 513 3028 qui
537 2951 657 3030 lugent,
681 2954 826 3030 quonium
855 2953 912 3032 ipsi
935 2951 1075 3013 consolo-

98 3050 99 3053 ’
162 3033 275 3092 buntur.
318 3031 359 3092 Et
382 3033 493 3091 Paulus
520 3033 609 3093 Rom.
632 3039 662 3098 6.
697 3043 728 3095 et
757 3037 784 3098 8.
816 3036 946 3114 aliisquo
974 3033 1075 3096 multis

163 3115 233 3175 loeis
256 3113 340 3176 iubet
368 3115 552 3175 mortifloore
579 3135 718 3195 earnem,
752 3127 783 3178 et
811 3117 962 3196 membru,
995 3135 1075 3196 quoe

165 3205 229 3258 suut
248 3217 340 3281 super
361 3205 481 3258 terrum.
524 3197 565 3260 Et
586 3199 654 3260 ou.
670 3206 697 3264 5.
722 3199 814 3261 doeet
836 3216 957 3261 curnem
981 3199 1075 3259 oruoi·

166 3279 250 3361 figere
272 3299 339 3340 oum
370 3282 627 3361 oonoupmoentiis
657 3285 729 3360 eius.
773 3285 813 3344 Et
834 3286 862 3346 2.
886 3282 1023 3344 Corinth.
1046 3285 1073 3346 6.

99 3388 100 3419 r
169 3365 246 3424 dieite
269 3363 477 3424 Exhibeomus
499 3373 622 3425 nosmet
643 3367 728 3446 ipsos
749 3369 778 3426 in
801 3367 896 3426 multu
916 3364 1074 3446 potientis,

99 3452 100 3459 ’
169 3447 329 3507 inieiuuiis
351 3445 454 3506 multis
477 3454 534 3510 eto.
575 3447 661 3508 Haeo
689 3451 733 3509 sio
760 3451 821 3510 late
842 3449 982 3529 profero,
1010 3456 1075 3508 tou·

171 3547 249 3608 mum
270 3547 337 3590 oum
358 3530 404 3589 eis
426 3547 528 3609 egum,
551 3531 602 3609 qui
623 3538 731 3592 nostru
749 3534 902 3613 ignorent.

99 3566 100 3661 i
241 3611 313 3674 Ideo
335 3611 476 3672 seeundo
495 3613 593 3692 probo
608 3619 641 3674 et
653 3613 962 3690 mtioneeondem¹).
996 3612 1076 3690 Quia

173 3693 293 3755 (innotus
314 3695 462 3776 magister
482 3696 604 3776 spiritus
627 3705 684 3777 est,
706 3717 767 3758 non
791 3698 907 3776 literae,
930 3703 960 3760 et
982 3697 1076 3762 verbu

232 3836 261 3907 t)
279 3838 308 3892 lo
327 3838 371 3895 ed.
390 3838 469 3894 iem:
487 3838 593 3894 eodum.
637 3837 667 3904 ⁸)
687 3837 806 3891 tou-nn.
827 3837 868 3892 12.
