2600 4300
410 280 783 398 »insinuasse
994 335 1060 402 tto

141 506 199 570 duo
221 507 253 570 in
273 509 404 589 scriptis,
424 510 609 589 quasprimo
632 508 728 570 multa
750 517 782 570 et
801 507 1008 575 inanlurerba
1026 507 1059 592 ¹)

141 589 215 651 dixit
238 591 338 664 (sieut
358 598 389 655 et
407 611 491 654 nnnc
506 592 641 670 scribit),
664 610 714 652 me
725 591 891 654 admodum
913 591 997 656 latua
1016 610 1062 654 re·

141 670 312 752 spondieae,
331 681 366 736 et
385 674 531 754 implesse
552 693 703 754 papyrum
726 673 803 734 locis
816 675 985 754 scripturae
1005 675 1061 736 im·

139 755 381 834 pertinentibus,
413 775 545 837 seseque
566 775 672 819 veram
696 775 801 818 eorum
824 756 1060 837 intelligentiam

137 836 270 902 dedisse.
293 839 405 904 Veram
419 858 488 902 cum
513 839 659 903 dixissem
672 838 796 902 taudem
818 857 875 920 pro
897 859 947 901 me
967 846 1060 920 stata,

138 919 218 999 quod
242 919 456 1002 Extravagans
477 921 571 999 dicit,
604 921 758 984 Christum
782 923 843 984 suis
865 919 1060 1002 passionibus

137 1003 340 1082 acquisivisse
370 1007 551 1069 thesaurum-
568 1005 720 1068 ecclesim
741 1022 834 1082 suae,
867 1006 971 1068 statim
989 1005 1060 1066 a'rri-

137 1086 202 1165 puit
220 1085 381 1166 codicem,
412 1088 489 1168 legit
509 1095 541 1150 et
563 1089 595 1150 in
616 1087 753 1164 verbum,
774 1087 944 1166 acquisivit,
965 1086 1060 1166 impe·
1154 1121 1157 1142 r

136 1169 188 1248 git,
210 1168 323 1232 sedulo
345 1178 448 1236 tamen
471 1169 669 1233 dissimulans
690 1187 759 1234 sese
780 1171 956 1250 impegisse.

216 1250 359 1332 Surgens
375 1252 609 1318 tandemdixo:
637 1251 744 1331 Vade,
765 1252 874 1332 inquit,
895 1255 949 1312 anit
968 1270 1061 1316 revo-

136 1352 196 1411 ces,
217 1341 275 1398 aas
292 1336 325 1394 in
346 1342 547 1416 conspectum
569 1353 672 1396 meum
693 1353 756 1396 non
776 1335 949 1396 revertaris.
967 1369 974 1392 ι
991 1331 1059 1416 ligo

137 1435 209 1480 vero
234 1435 312 1481 mox
333 1418 416 1496 abii,
438 1415 567 1480 credens
589 1435 638 1477 me
661 1416 842 1496 simpliciter
862 1436 925 1481 non
945 1417 1059 1480 reverti

135 1497 268 1578 audere,
297 1499 547 1580 quandoquidem
574 1501 767 1580 propositum
797 1519 861 1563 non
893 1497 1060 1562 revocandi

135 1580 341 1660 firmaveram,
361 1585 422 1646 nisi
442 1583 525 1646 aliud
547 1582 685 1646 docerer.
716 1581 831 1659 Taceo,
853 1579 936 1661 quod
957 1599 1061 1644 rumor

135 1664 416 1742 circumferebatur,
437 1667 620 1746 permissum
642 1683 713 1726 esse
735 1685 755 1724 a
776 1662 947 1726 reverendo
970 1664 1060 1728 Patre
1121 1715 1123 1722 ,

135 1745 294 1825 Generali,
317 1767 368 1810 nte
389 1747 573 1828 capiendum
595 1754 627 1808 et
645 1747 678 1808 in
700 1746 832 1824 vincula,
854 1747 913 1808 nisi
934 1765 1059 1810 revoca·

135 1847 217 1905 mm,
239 1829 478 1894 coniiciendunr.
519 1830 618 1893 Masei
640 1836 743 1894 tamen
766 1829 926 1909 Augustae
948 1827 1059 1893 codem

135 1911 197 1975 die.
218 1912 297 1976 Erat
317 1920 382 1976 turn
404 1913 480 1978 teria
499 1919 597 1976 sexta.

216 1995 294 2058 Post
309 1996 472 2076 prandium
493 2002 606 2058 vocato
627 1993 799 2056 reverendo
822 1995 912 2056 Patre
935 1994 1059 2058 Vioario

133 2079 278 2140 uastauit
300 2097 370 2139 oum
393 2098 453 2155 eo,
489 2088 523 2138 ut
543 2097 592 2140 me
614 2077 654 2137 ad
675 2079 908 2138 revocationem
929 2075 1059 2146 adduce·

132 2169 187 2240 ret,
209 2162 278 2223 sine
300 2181 371 2226 mea
392 2169 487 2240 nota,
509 2168 543 2225 ut
562 2160 614 2225 hic
635 2160 749 2239 scribit,
771 2160 802 2221 id
824 2167 881 2237 est,
903 2179 974 2223 cum
993 2179 1060 2241 par·

132 2251 227 2323 petua
247 2244 385 2323 iufamia,
408 2264 488 2324 quae
509 2244 590 2305 solet
611 2263 666 2306 eos
690 2244 786 2322 sequi,
810 2244 862 2323 qui
875 2244 985 2307 timore
1006 2242 1060 2309 ho·

133 2328 249 2388 minum
259 2335 370 2389 contr-a
380 2320 602 2389 conscientiam
616 2325 773 2406 abnegant
784 2327 953 2390 veritatem.
969 2324 1059 2401 Quod

132 2409 186 2473 ille
207 2409 334 2488 quidem
367 2411 460 2488 iecit,
488 2409 542 2471 sed
564 2416 707 2490 rogatus,
735 2415 768 2467 ut
798 2410 963 2488 scripturas
981 2408 1059 2469 milri

131 2492 283 2570 sciverat,
312 2492 454 2570 dicebat,
485 2511 578 2572 supra
610 2493 691 2553 vires
718 2510 789 2555 suas
812 2497 900 2568 es'se,
930 2501 962 2553 et
989 2509 1060 2571 ego,

132 2583 243 2637 contra
253 2575 477 2638 conscientiam
490 2594 591 2637 meam
601 2593 670 2635 esse
685 2592 842 2650 revocare,
856 2574 915 2635 nisi
927 2572 1060 2653 Scriptu-
1090 2577 1094 2585 '

131 2676 185 2719 rec
207 2658 283 2719 milri
304 2658 394 2719 aliter
415 2656 650 2719 elucidarentur.
682 2656 781 2741 blansi
803 2654 915 2717 deinde
937 2663 969 2717 et
992 2654 1059 2719 sab-

132 2739 207 2803 bato
229 2746 309 2818 toto,
332 2740 409 2801 nihil
431 2740 598 2819 dicebatur,
620 2738 696 2799 nihil
719 2738 930 2801 mandabatur.
961 2738 1060 2821 blansi

132 2830 163 2883 et
185 2826 330 2903 sequenti
352 2822 518 2900 dominica,
540 2821 591 2884 ubi
613 2821 722 2883 saltem
734 2840 790 2901 per
810 2820 915 2883 literas
937 2820 1000 2881 adii
1014 2839 1059 2883 re·
1113 2868 1118 2877 .

132 2896 579 2969 verendissimum‘Dominum
600 2902 759 2984 Legatum,
781 2902 838 2965 sed
858 2902 936 2965 nihil
957 2902 1060 2967 flebat.

132 2988 235 3048 blansi
265 2995 298 3049 et
324 2989 402 3049 feria
430 2986 576 3052 secunda.
604 2986 703 3047 blansi
738 2990 769 3047 et
796 2986 872 3047 lenia
900 2986 999 3049 tertia.
1020 2982 1061 3049 Et

124 3078 311 3151 -suspectum
332 3070 407 3131 mihi
430 3077 462 3131 et
482 3068 624 3137 omuibus
647 3068 755 3131 amicis
771 3068 925 3131 silentium
947 3067 1060 3131 factum

134 3161 189 3215 est.
232 3153 311 3215 ideo
335 3154 446 3214 timens
468 3152 531 3215 vim
552 3150 772 3233 Appellatione
805 3150 955 3231 disposita
992 3148 1060 3211 reli·
1092 3178 1108 3203 ·

134 3238 183 3315 qui
202 3238 389 3317 Augustam,
411 3241 444 3296 et
463 3235 539 3298 iana
559 3241 672 3314 quarta
690 3235 815 3310 recessi,
838 3230 1060 3295 confidensme

133 3320 325 3397 praestitisse
347 3317 471 3379 abunde
494 3317 621 3379 arduam
654 3322 685 3379 et
705 3314 829 3377 fidelem
852 3314 1059 3377 obedientiam

132 3420 252 3463 summo
271 3399 441 3479 Pontifici,
461 3402 548 3463 iuxta
568 3408 708 3463 tenorem
731 3397 901 3459 citationis.
932 3394 963 3457 Si
987 3394 1060 3477 quid

133 3492 235 3545 autem
256 3485 340 3547 ultra
360 3490 596 3563 prosequentur,
616 3484 724 3563 vigore
741 3477 889 3557 eiusdem,
910 3476 986 3539 nihil
1007 3478 1061 3541 nri·

132 3586 216 3648 rum,
236 3568 266 3629 si
287 3566 431 3631 iniuriam
451 3566 561 3647 patiar.
724 3599 728 3607 »

165 3811 197 3877 1)
222 3809 255 3863 ln
274 3808 320 3864 ed.
341 3808 403 3863 len.
420 3807 467 3861 bic
496 3802 619 3859 additum
637 3802 752 3873 legitur:
779 3814 849 3855 essa.

767 3922 806 3983 27
830 3919 846 3953 *
