2600 4300
221 329 284 398 m
407 357 413 364 ·
514 331 592 387 lut
609 331 693 387 laath:
710 329 841 402 Mende

221 523 261 568 so
280 506 361 586 ipso,
382 523 445 584 que
465 521 530 565 non
545 504 725 585 eampssait
746 502 926 584 praesertim
949 521 1014 564 non
1039 499 1141 562 audita

218 594 307 670 perte
328 587 435 650 altera.
477 586 587 647 (tertiis
608 587 691 647 euim
713 605 789 664 sum,
810 586 872 647 hoe
891 584 979 646 nolle
1000 585 1103 666 ipsum
1124 603 1142 644 a

220 689 270 732 me
291 669 348 731 sibl
371 669 453 750 fieri,
486 668 569 749 quod
590 671 658 750 ipse
689 669 764 730 lauit
784 669 868 732 mihi.
910 667 1022 747 Neque
1045 667 1142 748 patiar

219 773 289 815 eum
311 771 347 814 se
366 771 557 833 expurgare,
579 751 663 832 quad
685 769 785 813 meam
810 769 975 832 personam
1005 769 1072 810 non
1095 749 1142 810 de·

220 837 372 917 siguatm
392 855 413 895 a
433 831 473 896 Ω
487 836 568 896 forte
588 835 679 896 diuet
732 835 804 896 Nou
836 835 918 895 enlm
951 833 1014 894 alio
1037 829 1140 896 studio

219 937 336 982 namen
364 937 466 979 meum
492 919 539 978 his
573 919 636 980 auis
664 917 756 978 larvis
784 917 984 997 ineptissimis
1016 918 1142 978 interse-

113 1059 117 1066 .
219 1003 318 1062 ruisse
348 1001 432 1062 eredi
460 1007 582 1081 potest,
614 1019 707 1080 quam
734 1006 769 1060 ut
800 1000 879 1062 hsee
898 1006 1041 1060 monstru
1071 999 1142 1060 mihi

219 1087 370 1160 inureret,
396 1090 498 1144 tantus
520 1092 570 1144 est
588 1083 706 1144 homini
728 1102 767 1144 ex
789 1081 955 1144 maledieta
975 1082 1080 1162 gloria
1100 1083 1142 1142 in-

221 1167 324 1229 vidiae
343 1166 477 1228 morbus.
810 1219 815 1226 .

302 1249 404 1310 crede
425 1255 528 1310 autem
549 1247 708 1310 auditores
722 1267 808 1310 meos
826 1248 906 1308 forte
920 1245 1049 1327 dixisse,
1072 1265 1142 1308 eou-

220 1333 323 1394 ailium
343 1331 490 1412 generula
520 1333 644 1411 saepius
665 1349 802 1409 masse,
835 1337 867 1391 et
898 1349 1002 1392 errare
1037 1347 1141 1410 posse,

220 1422 284 1478 tum
306 1413 391 1495 qued
410 1433 481 1475 rura
501 1420 573 1475 sunt
588 1414 721 1475 sensilia
740 1413 794 1474 illa
814 1413 951 1494 legitime
974 1412 1142 1494 generalia,

240 1498 312 1559 uals
333 1498 484 1559 Nieenum
517 1496 587 1576 luit,
613 1497 677 1558 hoe
699 1497 780 1556 enim
810 1496 947 1556 dieentes
981 1496 1142 1556 verissime

243 1582 371 1644 ‘erunt
414 1580 457 1640 At
471 1579 517 1640 illi
537 1598 594 1661 pro
615 1579 787 1641 rusticitate
814 1597 870 1639 sus
902 1597 942 1642 ex
964 1577 1141 1659 partiaulari

221 1682 300 1725 mex·
315 1663 484 1738 intulerunt
503 1662 726 1742 universalem,
761 1681 853 1722 omne
874 1660 1021 1722 videlieet
1043 1661 1141 1722 eenei-

220 1745 293 1807 lium
315 1745 512 1826 reprobatum
533 1751 736 1806 assumentes.
786 1743 855 1804 Hoe
886 1751 988 1804 aulem
1012 1762 1053 1804 eo
1071 1743 1140 1804 laei-

220 1829 280 1890 lius
301 1828 405 1906 mede,
427 1827 511 1908 quod
532 1827 629 1888 multa
652 1827 764 1888 similia
791 1827 864 1887 milri
885 1826 924 1888 ab
946 1826 1066 1888 eisdem
1087 1827 1141 1886 im-

220 1917 313 2054 tlt
326 1917 412 2072 tlt}
429 1930 506 2055 tlt
525 1909 1140 2074 tltlftzltfttltlltlt

220 2075 304 2142 bona
325 2077 473 2158 negarim.
515 2075 557 2136 Et
590 2095 661 2136 sum
682 2075 813 2137 Sanetus
845 2075 982 2136 invasuri
1011 2093 1070 2157 pro
1090 2093 1139 2155 pe·

221 2161 312 2221 euuia
332 2168 363 2221 et
383 2179 417 2220 re
444 2159 608 2240 temporali
629 2178 738 2240 purum
763 2159 966 2220 Christianum
996 2176 1068 2219 esse
1088 2158 1140 2219 do·

221 2245 368 2319 edissem,
399 2244 500 2303 statim
522 2242 638 2303 invidia
670 2242 817 2323 magistra
848 2243 1056 2319 lactaverunt,
1092 2260 1140 2301 me

222 2342 291 2386 eum
314 2323 473 2405 Frghardis
506 2344 621 2407 negare
643 2322 825 2387 Sanctorum
849 2323 1008 2385 culturum.
1052 2322 1138 2385 Adeo

220 2408 268 2468 his
289 2407 430 2468 Eeeianis
462 2406 618 2488 theologis
640 2408 745 2487 planet
765 2426 850 2467 error
871 2412 903 2467 et
928 2406 1038 2487 populi
1059 2406 1138 2467 chri-

221 2491 312 2551 stiani
333 2488 489 2566 seductio,
521 2495 556 2549 ut
576 2509 632 2551 eos
654 2500 711 2571 pro
732 2496 841 2551 ventre
862 2508 918 2551 suo
941 2508 1003 2549 non
1027 2488 1138 2570 pudeat

220 2574 312 2634 etism
335 2584 460 2653 apertae
481 2573 602 2633 veritati
622 2572 775 2634 resistere.
805 2575 851 2633 ltu
864 2572 1028 2633 eonsilium
1047 2570 1138 2651 quod·

220 2655 297 2717 libet
317 2655 423 2737 negari
443 2674 463 2715 s
483 2672 534 2715 me
560 2656 764 2732 mentiuntur5
797 2655 850 2718 nbi
882 2654 1010 2735 aliquod
1046 2672 1135 2715 unum

221 2737 272 2799 val
294 2756 412 2799 errasse
433 2737 483 2798 vel
500 2755 602 2798 errare
627 2756 722 2818 posse
748 2737 826 2798 diri:
862 2737 947 2819 digni
977 2737 1070 2817 plene
1098 2736 1136 2796 di·

222 2821 331 2901 seipuli
353 2820 449 2880 Elauia
471 2820 630 2901 magistro.

355 3018 557 3081 Articulus
579 3016 778 3081 secundus
801 3025 839 3079 et
859 3018 1012 3079 tertius.

305 3147 420 3228 Pupam
441 3147 569 3227 negavit
588 3147 737 3208 riarium
758 3146 882 3208 Obristi.

304 3230 427 3291 Petrum
449 3230 576 3309 negavit
595 3230 765 3311 prineipum
785 3228 1010 3310 apostolorum.

304 3312 473 3392 Hiehvida
485 3330 604 3391 quaeso
624 3318 672 3390 te,
694 3312 808 3391 leuior,
830 3330 870 3373 uu
890 3309 1018 3373 Mum
1040 3326 1132 3372 meum

223 3394 337 3456 debeas
357 3394 537 3475 theologum
557 3413 597 3454 an
620 3394 791 3475 sophistem
810 3394 1000 3456 ‘mutinae

304 3476 437 3537 Primum
459 3476 637 3537 fraternalis
652 3476 768 3537 invidis
788 3476 934 3537 auderdus
945 3494 1010 3538 nun
1023 3478 1133 3558 intem

222 3558 336 3634 posuit,
352 3560 497 3618 omittens
517 3558 598 3617 haue
613 3564 734 3638 partem
759 3559 841 3630 (iure
862 3558 999 3638 divino),
1023 3558 1133 3620 namsi

105 3701 112 3708 ,
223 3636 304 3697 haue
324 3638 430 3717 addas,
453 3636 597 3701 eutholiei
618 3647 690 3701 sunt
710 3640 840 3702 articuli.

306 3717 367 3779 Sed
380 3718 466 3780 Eeeii
484 3720 643 3783 videamus
657 3722 915 3785 inaestimabilem
936 3728 968 3784 et
987 3740 1062 3784 vere
1082 3720 1131 3783 Eu·

224 3795 583 3894 emanantium,
605 3824 773 3867 assumens
796 3806 877 3867 enim
898 3805 1046 3867 antemos
1067 3822 1130 3902 eon·
