2600 4300
226 307 270 378 tt)
480 315 638 388 mmo
657 317 691 372 n.
709 316 788 374 uus
807 318 921 374 tntum

226 483 339 548 tilloem
360 483 400 546 ad
420 485 565 548 invidiam
598 505 698 549 meam
728 487 944 567 commendas,
981 487 1099 548 scilicet
1121 491 1154 546 nt

228 574 346 630 tantum
370 569 464 630 decus
477 571 673 632 innocentiae
684 571 861 652 operculum
873 572 968 632 iacias
987 571 1152 650 nequitiae.

227 651 262 712 ld
285 653 366 712 enim
377 652 514 730 anhelas,
536 659 569 712 ut
591 671 693 714 mores
709 653 827 716 Romae
844 673 975 735 arguere
997 655 1153 714 neminem

227 735 320 812 dnae,
342 737 401 795 nisi
422 742 453 796 te
474 737 655 816 interprete,
688 737 776 796 simul
801 737 908 818 optimi
929 735 1087 817 pontificis
1110 737 1155 795 in-

131 836 134 841 ⁴
228 819 403 879 nocentiam
426 818 552 879 laesisse
583 818 738 900 probetur.
783 818 953 895 Quidvis?
986 826 1154 899 patronum

185 919 190 927 ·
228 907 259 961 te
281 919 390 961 vocem
407 901 615 962 Romanorum
637 901 850 981 flagitiorum?
872 902 933 963 Gur
954 907 985 962 tu
1004 903 1072 982 ipse
1091 921 1156 962 non

228 989 259 1044 te
293 1002 418 1063 quoqne
450 985 658 1064 interpretaris
702 984 828 1046 laesisse
867 982 1062 1066 pontificem,
1104 985 1155 1063 qui

228 1073 334 1146 aperte
355 1065 477 1142 scribis,
508 1067 685 1127 Romanum
719 1067 833 1128 elerum
857 1087 875 1126 a
897 1069 1056 1146 primaeva
1088 1086 1156 1148 per-

227 1149 361 1210 t'octione
390 1149 584 1209 declinasse?
623 1148 696 1210 Sine
730 1169 778 1210 me
810 1150 869 1210 tuis
900 1157 1001 1210 tecum
1036 1149 1156 1210 artibus

228 1250 330 1311 agere.
374 1232 495 1293 (ilerum
518 1232 692 1293 Romanum
715 1231 859 1293 mordes?
881 1236 921 1292 At
943 1233 1088 1312 pontifex
1111 1240 1159 1292 eet
1197 1237 1202 1246 “

228 1333 315 1394 pars,
351 1322 383 1374 et
415 1314 537 1394 quidem
570 1314 704 1376 nobilior
731 1315 812 1376 cleri,
863 1315 929 1374 Vae
951 1314 1004 1374 tibi
1029 1317 1156 1390 misero,

166 1404 172 1412 '
228 1398 279 1476 qni
302 1396 394 1457 talem
418 1417 456 1457 ac
478 1404 594 1456 tantum
616 1397 794 1477 pontificem
818 1416 880 1457 non
904 1397 1003 1458 solum
1019 1398 1156 1478 lapsum,

228 1479 282 1541 aed
310 1500 330 1540 a
356 1486 422 1540 tota
448 1480 636 1560 perfectione
664 1479 834 1540 declinasse
868 1487 899 1539 et
928 1482 957 1540 in
991 1479 1156 1560 perfidiam

227 1568 259 1623 at
278 1563 429 1623 haeresim
452 1563 566 1623 abiisse
587 1563 690 1642 palam
712 1564 833 1626 asseris.
885 1561 918 1622 ld
950 1565 1030 1623 enim
1053 1571 1156 1624 totum

225 1645 379 1725 significat
397 1645 560 1722 declinare,
581 1645 700 1706 scilicet
722 1665 739 1705 a
763 1645 961 1726 perfectione.
1007 1646 1156 1725 Videsne,

226 1746 319 1807 quam
342 1728 469 1808 pulchre
490 1736 521 1788 et
542 1747 602 1806 ego
625 1732 656 1789 te
678 1727 844 1789 auxesibus
865 1729 930 1788 istis
950 1747 1077 1808 possem
1104 1749 1157 1810 op-

171 1817 175 1822 “
225 1811 368 1890 primore,
390 1812 416 1870 si
439 1811 557 1871 adulari
579 1818 610 1871 et
631 1811 809 1872 calumniari
834 1810 953 1871 vellem.

310 1891 398 1968 Quae
429 1885 470 1954 ad
499 1895 725 1975 sexagesimam
762 1914 830 1954 oum
874 1901 1023 1972 sequente
1064 1893 1155 1970 dicis,

227 1981 362 2037 transeo.
416 1976 499 2036 Nihil
528 1978 609 2038 enim
632 1977 723 2056 dicis,
756 1976 839 2057 quod
872 1995 935 2036 non
967 1975 1085 2053 dictum
1118 1979 1157 2037 sit

127 2078 132 2093 ‘
225 2060 318 2139 prins.
362 2058 432 2139 Ego
458 2059 659 2140 probabiliter
679 2061 786 2139 posui,
819 2057 903 2140 quod
925 2059 1090 2120 thesaurus
1112 2062 1156 2120 in·

129 2177 135 2184 ι
227 2141 452 2223 dulgentiamm
473 2143 535 2203 sint
545 2143 632 2223 ipsae
649 2142 763 2221 claves,
785 2150 819 2204 ut
834 2144 864 2203 in
881 2141 1155 2205 declarationibus.

227 2225 372 2287 Similiter
392 2232 516 2287 transeo
538 2227 763 2306 sexagesimam
793 2224 977 2305 secundam,
1000 2228 1075 2305 quia
1104 2226 1156 2287 ed·

227 2309 320 2369 mittis
342 2328 411 2369 eam
433 2328 502 2369 csse
523 2328 638 2387 veram,
661 2327 723 2370 non
745 2316 848 2371 tamen
871 2309 937 2369 sine
959 2308 1126 2370 calumnia.

308 2390 357 2451 Ad
380 2392 606 2472 sexagesimam
628 2392 760 2469 tertiam,
783 2398 938 2470 quartam,
960 2392 1099 2470 quintam
1123 2398 1154 2452 et

227 2480 363 2554 sextam
385 2492 455 2534 cum
477 2493 566 2534 veras
587 2493 658 2535 esse
681 2492 743 2535 non
765 2494 877 2556 neges,
912 2491 1013 2553 neque
1035 2493 1154 2555 negare

226 2557 342 2637 possis,
377 2558 471 2617 miror
502 2557 583 2635 quod
610 2558 654 2617 ita
683 2558 883 2618 excandescis
912 2563 944 2617 et
964 2564 1048 2627 totus
1070 2558 1152 2639 ignis

226 2639 367 2704 efficeris.
410 2639 628 2701 Mirabiliorem
652 2639 871 2721 disputatorem
905 2658 967 2699 non
1001 2640 1085 2718 vidi,
1120 2649 1154 2701 nt

226 2741 317 2802 quem
339 2723 570 2802 propositiones
591 2742 685 2783 verae
707 2723 775 2803 plus
798 2732 924 2783 movent
937 2741 1030 2802 quam
1042 2723 1151 2801 salsae,

226 2824 296 2865 cum
330 2812 434 2865 tamen
468 2806 581 2866 veritas
614 2812 779 2885 quaeratur
809 2804 1003 2885 disputando.
1053 2806 1153 2887 Igitur

226 2888 283 2948 sim
305 2888 406 2965 canis,
444 2886 524 2948 filius
553 2890 655 2965 oanis,
691 2888 799 2967 dicax,
833 2907 895 2949 non
923 2896 1091 2949 excusatus
1112 2889 1150 2949 ab

225 2970 431 3048 anathemate,
453 2975 519 3031 neo*
535 2973 646 3031 mentis
668 2973 869 3052 compositae,
893 2978 924 3031 et
945 2972 971 3030 si
984 2990 1045 3051 qua
1060 2972 1151 3052 plura

225 3072 282 3135 pro
304 3053 459 3114 modestia
480 3060 532 3115 tua
552 3054 642 3115 senili
663 3055 774 3133 habes,
809 3052 902 3115 modo
925 3073 998 3115 vera
1020 3074 1070 3115 me
1093 3055 1149 3117 eal·

224 3143 288 3197 tem
310 3136 515 3203 momordisse
537 3137 703 3214 concedes,
726 3140 751 3198 si
773 3156 869 3218 neges
891 3136 1017 3197 dixisse.
1061 3138 1150 3198 Hanc

226 3226 360 3300 satyram
384 3219 498 3294 merui,
520 3239 582 3281 non
605 3222 677 3299 quie
697 3221 791 3297 felsa,
821 3220 874 3281 sed
896 3220 1064 3299 quievere
1086 3219 1149 3280 dixi

224 3303 255 3362 in
278 3302 447 3363 avaritiam.
478 3301 549 3363 Non
571 3302 770 3365 credidissem
793 3303 963 3363 Romanam
988 3304 1148 3363 avaritiam

225 3391 287 3445 tam
311 3391 449 3447 teneram
473 3391 505 3445 et
524 3386 744 3465 impassibilem
757 3386 787 3464 ¹)
812 3404 891 3463 esse,
912 3386 975 3447 imo
997 3392 1064 3446 tam
1086 3405 1147 3445 am-

225 3466 370 3527 bitiosam
392 3473 424 3528 et
444 3474 649 3548 arrogantem,
671 3472 705 3531 ut
725 3470 902 3530 innocentia
923 3468 1030 3549 optimi
1049 3470 1148 3548 ponti·

225 3547 292 3606 licis
314 3549 410 3609 videri
432 3549 537 3610 vellet*

274 3814 314 3885 t)
335 3816 365 3869 ln
382 3818 446 3873 edit
463 3822 540 3876 len:
557 3798 768 3893 impossibilem.
829 3897 835 3907 ι
