2600 4300
394 333 430 390 ad
449 335 521 393 nist
540 335 569 390 P.
588 336 655 392 stlv.
676 337 823 392 Priariatls.
1048 331 1068 400 5

152 512 397 576 adnohtionibns
419 514 506 576 meis.
531 512 629 596 (hipp.
643 513 730 576 Lnth.
753 513 802 576 ed.
824 512 1067 596 Aunt1,p.289.

153 597 188 658 de
207 595 312 657 Wette
331 597 356 676 1,
379 618 409 679 p.
430 598 544 675 452)“.

228 677 378 741 liutherus
411 681 504 760 igitur
531 679 624 760 paulo
660 684 733 762 post
760 679 851 740 istum
873 679 1011 741 silvestri
1033 679 1068 742 li-

151 761 260 824 bellum
283 781 353 824 enm
373 763 517 844 prologo,
538 763 664 843 epilogo
675 763 850 844 glossisque
872 762 1067 844 typographo

152 844 360 907 excudendum
383 845 523 923 tradidit,
545 865 617 905 nem
638 846 699 906 iam
723 845 751 906 d.
773 844 844 908 XllI
865 863 905 906 m.
927 845 1011 906 lunii
1041 865 1067 908 e..

154 929 227 995 1520
250 928 345 1006 (feria
367 937 475 1010 quarta
495 935 567 1008 post
589 929 734 1009 Corporis
755 927 884 1000 Christi)
909 927 1068 1008 spalatino

153 1011 272 1073 scribit:
294 1012 454 1092 „silvestri
476 1012 598 1072 insania
610 1009 665 1071 sub
687 1011 775 1091 prelo
791 1011 857 1072 est“
871 1011 975 1086 (Lusis.
989 1011 1067 1092 Elpp.

153 1095 194 1156 ed.
215 1094 313 1157 Auris.
334 1096 362 1174 l,
400 1115 432 1177 p.
453 1097 532 1174 267,
560 1094 600 1155 de
626 1093 731 1155 Wette
752 1093 781 1172 Ι,
810 1113 839 1237 p
867 1095 958 1162 454).
995 1091 1067 1156 Nul-

152 1178 207 1239 lam
235 1179 387 1259 aptiorem
418 1179 485 1239 lore
512 1177 640 1258 putabat
674 1176 782 1237 herum
832 1176 1069 1258 lasphemiarnm

154 1260 409 1339 oonlutationem,
443 1279 534 1342 quam
563 1261 588 1320 si
609 1261 700 1320 istum
723 1259 858 1320 libellum
889 1259 1004 1321 nudum
1025 1261 1068 1321 in·

152 1344 314 1425 vulgasset.
364 1345 397 1404 ln
418 1343 551 1426 prologo
576 1344 674 1421 enim,
702 1342 804 1422 „Quid
826 1343 1003 1421 confutem,
1025 1344 1069 1404 in·

153 1428 232 1506 quit,
266 1426 383 1488 rabiem
405 1427 577 1508 blasphemi
600 1425 734 1487 Satanas
765 1434 828 1486 tem
850 1426 1068 1488 menifestum?

153 1509 272 1591 Optime
294 1512 353 1571 erit
374 1511 553 1588 confutatio,
576 1510 602 1569 si
624 1509 760 1570 libellum
782 1509 892 1589 ipsum,
913 1515 947 1570 nt
969 1508 1068 1572 editus

152 1600 203 1673 sst,
215 1592 331 1653 nudum
346 1593 558 1674 involgavero‚
571 1611 676 1653 seeum
690 1592 783 1654 hebet
795 1610 879 1652 susm
888 1592 1068 1654 oonfutatio·

151 1676 304 1757 nem,plns
319 1695 411 1756 quam
424 1684 659 1756 optarequeam,
670 1677 859 1756 potentem.“
871 1677 972 1755 Atque
986 1675 1070 1759 Papa

150 1761 214 1839 ipse
243 1758 394 1832 Silvestre
417 1759 554 1820 Prieriati
581 1758 735 1819 silentium
763 1757 894 1838 posthae
921 1758 1069 1820 indixisse

150 1842 253 1921 lentur,
276 1839 309 1902 id
331 1841 414 1922 quod
437 1839 675 1902 fleskendorlius
697 1841 728 1901 in
750 1839 828 1902 Hist.
850 1839 937 1903 Luth.
965 1839 1029 1906 Lib.
1045 1841 1068 1922 l,

151 1927 240 2067 pflO
275 1943 316 1986 ex
347 1925 478 2006 epistola
502 1923 635 2004 quadam
655 1923 776 1985 Erasini
799 1943 827 1986 a.
851 1926 931 1992 1527
955 1926 1068 2008 scripta

150 2013 247 2069 reert.

227 2088 347 2152 Prodiit
377 2089 428 2150 bio
449 2089 571 2151 libellus
592 2087 837 2173 Wittembergae
869 2092 949 2159 1520
971 2090 1069 2154 forma

152 2175 345 2253 qnartenaria
366 2172 423 2234 snb
444 2172 505 2234 hoo
525 2173 633 2234 titulo:

151 2302 330 2383 llpitoma
360 2301 648 2381 Responsioni's
688 2301 733 2363 nd
770 2290 977 2365 Martinum
1007 2302 1068 2363 Lu·

152 2383 591 2465 thervnittenbergae,
613 2384 659 2446 ad
681 2384 831 2447 laudem
849 2391 887 2447 et
903 2384 1068 2465 gloriam

153 2468 318 2527 omnium
364 2467 537 2527 hostium
580 2466 835 2529 Christianae
870 2469 1069 2533 veritatis.

448 2548 559 2629 Anno,
581 2550 621 2611 hl.
645 2551 682 2611 D.
704 2550 769 2614 XX.

229 2666 419 2727 Asservatnr
438 2665 527 2727 huius
548 2666 645 2729 libelli
659 2667 818 2749 exemplar
838 2668 871 2729 in
884 2666 1071 2729 bibliotbeos

154 2750 234 2831 regia
247 2749 439 2828 Monacensi,
462 2748 547 2809 ouius
568 2750 658 2812 titulo
681 2752 796 2832 primus
809 2768 972 2831 possessor
993 2757 1069 2812 atra

156 2838 253 2893 mento
276 2852 399 2894 versum
423 2839 454 2892 et
474 2831 617 2913 praefixit
644 2842 675 2895 et
697 2832 857 2911 submisit,
879 2840 911 2895 ut
933 2853 1014 2895 nune
1037 2834 1069 2897 ti·

155 2914 227 2976 tnlns
247 2914 291 2978 ibi
315 2916 361 2976 sio
381 2915 521 2997 legatur:
546 2915 702 2991 (silvestri
726 2915 764 2977 de
777 2915 911 2999 Prierio)
925 2914 1070 2998 Epitome

162 3056 309 3063 --o-n*-
320 3056 369 3063 -ι-

157 3128 221 3181 theri
238 3127 554 3195 operibnsspersernnt,
567 3132 595 3180 et
612 3126 647 3179 (le
659 3126 759 3195 quibus
771 3127 905 3180 lutherus
922 3127 981 3191 ipse
1000 3125 1071 3183 ΜΟ

157 3216 188 3253 m.
205 3199 283 3252 Febr.
305 3214 332 3249 a.
352 3199 423 3253 1th
443 3199 578 3267 Stanpitio
608 3200 649 3251 sio
674 3200 783 3251 scribit:
820 3197 944 3265 „Vellem
963 3196 1070 3253 videres

157 3269 285 3339 opuseule
309 3286 374 3323 mee
399 3270 527 3325 Basileus
545 3285 668 3337 excuss,
689 3276 718 3323 ut
738 3270 860 3331 videres,
886 3268 951 3339 quid
971 3268 1070 3323 eruditi

156 3342 276 3394 homines
296 3340 330 3394 de
350 3358 403 3405 me,
422 3340 513 3405 Ereto,
534 3340 667 3394 silvestro
686 3342 914 3411 scholasticisqne
932 3340 1070 3409 theologie

159 3414 280 3466 sentiunt.
318 3412 471 3464 Salsissimi
491 3415 563 3465 enim
585 3411 746 3465 silvestrum
775 3412 915 3481 appellant
934 3414 1070 3482 megirum

109 3545 110 3552 ἵ
161 3483 244 3551 palatii
264 3498 316 3553 pro
334 3486 498 3552 magistrum
518 3483 613 3553 palatii
635 3492 689 3546 test
708 3490 799 3538 antem
820 3487 943 3553 maginus
962 3500 1070 3553 graece,

110 3585 111 3604 r
159 3570 257 3623 coquus
280 3555 383 3619 latine)
404 3554 641 3621 studiosoerrore
661 3562 807 3611 errantes:
824 3564 852 3610 et
876 3554 936 3609 aliis
958 3562 1070 3611 annota-

110 3633 111 3660 l
160 3626 272 3679 tionibus
292 3629 360 3678 satis
377 3628 465 3679 sentis
484 3642 546 3679 eom
566 3633 672 3679 taxant.
698 3626 837 3693 Quaeres
857 3628 990 3681 Romanis
1009 3642 1070 3697 pro·

111 3703 112 3766 i
161 3698 257 3750 entus
280 3696 354 3751 mele
372 3695 503 3751 dolebit“
523 3698 616 3761 (luth.
637 3698 708 3767 Epp.
729 3699 770 3753 ed.
783 3702 869 3752 Auris.
881 3698 901 3753 Ι.
920 3714 946 3768 p.
958 3698 1016 3753 152.
1036 3698 1070 3753 de

112 3805 113 3808 η
161 3768 278 3823 Wetteh
303 3784 331 3837 p.
352 3767 406 3823 232
426 3769 489 3823 coll.
513 3770 590 3822 Loth.
619 3770 705 3839 Epist.
725 3770 820 3839 Lango
844 3768 917 3823 data.
942 3770 1069 3834 Aurill,

112 3863 114 3900 τ
162 3840 256 3907 bibit.
274 3839 502 3911 nswotslp.
520 3839 600 3907 256.)
960 3866 964 3873 ’
1023 3864 1026 3873 ’
