2600 4300
370 337 408 397 ιι
424 339 497 398 nto.
515 339 547 396 n.
560 337 633 398 sus.
650 339 805 398 eamme
904 417 910 428 Ι
1010 329 1051 400 41

147 508 253 590 dinero,
274 527 316 574 eo
335 509 421 590 qnod
440 529 534 590 supra
546 509 711 591 posuerim,
733 506 969 588 perientitsimss
981 514 1058 568 eous

147 594 226 672 sequi
246 594 366 672 venias,
387 593 438 654 hia
457 600 560 655 autem
575 612 649 654 vere
665 593 868 672 poenitentes,
890 591 1059 668 quianon

146 676 239 736 minus
259 677 321 736 rari
342 683 423 738 aunt.

218 758 425 839 Respondeo:
448 760 545 822 Reate
560 759 697 837 sedisses
718 758 743 817 si
765 775 849 818 meas
872 755 1060 836 proposito-=

145 859 195 901 nes
215 842 349 903 intaetas
371 843 556 922 reliquisses.
598 842 645 902 Tu
665 840 784 902 insedis
809 839 848 902 ad
869 838 1056 918 aquilonem,
1077 885 1080 894 ,

145 934 173 984 et
191 923 267 986 illae
286 925 328 985 ad
350 932 501 1004 anstrum,
533 924 612 986 adeo
634 925 781 986 convenit
800 923 855 984 tibi
878 938 946 986 suut
969 921 1057 982 intel·

144 1006 268 1087 ligentia
288 1027 404 1072 earnm.
446 1008 493 1070 Tu
513 1007 609 1069 audes
631 1008 773 1088 egregie,
795 1006 835 1066 mi
857 1005 962 1082 Pater,
989 1023 1058 1083 per·

143 1089 324 1151 fsadssimos
345 1091 520 1152 disaernere
541 1110 560 1151 a
579 1109 653 1152 vare
674 1088 919 1170 poenitentibus,
946 1086 1058 1150 deinde

143 1171 219 1250 quod
256 1173 417 1234 absurdius
452 1180 513 1253 est,
545 1174 739 1254 poenitentes
770 1178 801 1232 et
830 1172 949 1232 sttritos
981 1170 1057 1232 fanis

144 1254 279 1334 eosdem,
300 1257 358 1316 nisi
381 1256 500 1318 obiosm
520 1263 648 1336 ponant.

218 1337 285 1398 Ista
305 1336 453 1419 figmenta
475 1339 571 1400 obiois
594 1345 626 1400 et
644 1338 810 1400 attritionis
830 1355 924 1417 supra
936 1353 1059 1414 quoque

143 1421 249 1498 reieci,
275 1427 308 1482 et
334 1439 417 1482 nuno
445 1422 559 1484 reiioio.
600 1421 743 1482 Humana
774 1427 850 1504 sunt
871 1425 1056 1498 nomments,

143 1522 238 1583 nuper
270 1504 411 1582 inventa,
445 1506 512 1566 sine
548 1506 713 1566 autoritate
759 1504 820 1564 ulla
859 1511 891 1564 et
929 1501 1059 1562 ratione.

142 1585 300 1646 Neminem
338 1586 478 1667 poenitet
509 1588 592 1648 vitas
628 1605 719 1663 suaa,
759 1587 816 1648 nisi
854 1585 953 1666 gratia
985 1582 1059 1646 fidei

141 1677 359 1749 praeventum,
403 1676 437 1730 ιιι
472 1676 557 1731 tenet
602 1689 664 1730 nna
696 1669 849 1730 sententia
881 1668 974 1728 totius
1012 1685 1060 1726 eo·

143 1751 262 1813 etesiae.
306 1751 388 1826 Quid
407 1753 481 1812 mihi
502 1771 577 1833 ergo
598 1752 637 1813 de
658 1751 765 1812 fiatitis
784 1751 838 1812 ills
859 1751 1059 1830 poenitentia,

144 1852 231 1912 quarn
253 1840 288 1894 tu
310 1835 497 1896 attritionem
520 1833 631 1916 fingis?
654 1833 719 1896 Neo
740 1841 787 1894 est
808 1833 887 1894 ullus
909 1840 970 1894 tom
993 1851 1060 1912 per·
1117 1905 1120 1910 ¹

144 1913 235 1976 leatus
256 1917 291 1976 in
311 1916 373 1977 hae
392 1920 474 1995 vita,
509 1919 560 1997 qui
589 1937 653 1978 non
683 1925 773 1998 egeat
794 1916 997 1996 poenitentis,
1029 1919 1063 1974 ut

144 1997 334 2078 supradixi,
363 2006 395 2059 tu
423 2007 526 2062 autem
546 2001 768 2080 poenitentiam
791 2007 879 2060 extra
900 1998 1061 2060 eeclesiam

143 2079 250 2142 rideris
273 2101 409 2163 ponere,
439 2085 520 2144 inter
551 2084 671 2144 attritos
704 2082 869 2161 dnntexnt,
899 2079 982 2160 quod
1016 2085 1063 2140 est

146 2164 268 2225 evidens
291 2184 387 2228 error.
879 2219 882 2229 .

219 2246 271 2307 Ad
293 2250 480 2309 tricesimam
500 2247 683 2325 seeundum,
713 2247 763 2309 ubi
793 2266 853 2329 ego
886 2247 992 2323 donni,
1021 2264 1062 2307 ne

146 2330 217 2389 nllus
239 2328 352 2391 fideret
370 2332 401 2391 in
422 2331 526 2392 literas
547 2332 723 2407 veniarum,
752 2332 954 2410 quippenam
978 2328 1061 2389 diost

147 2414 308 2492 scriptura:
349 2412 532 2475 Maledictus
564 2415 615 2493 qui
637 2412 764 2475 oonfldit
794 2414 826 2473 in
855 2412 997 2488 homine,
1014 2416 1062 2473 tu

148 2496 323 2555 acutissime
344 2496 454 2557 volens
481 2516 574 2557 unum
602 2496 717 2559 melum
739 2496 862 2555 vinners
882 2495 1006 2575 gemino
1031 2499 1062 2555 te

147 2577 254 2656 perdis.
276 2578 411 2639 Primum
433 2578 533 2640 fatuos
551 2597 607 2641 eos
620 2580 742 2657 usseris,
765 2578 897 2657 quisine
917 2574 1063 2657 operibns

147 2660 230 2721 bonis
251 2668 335 2723 tutos
358 2681 393 2721 se
412 2668 530 2742 putant

223 2742 304 2817 Quid
326 2762 401 2824 ergo
425 2743 659 2824 supradixisti,
693 2742 775 2822 quod
806 2743 925 2803 attritus
954 2758 1061 2805 tonse·

153 2843 243 2903 quens
264 2834 492 2888 sacramentnm
515 2833 547 2887 et
565 2824 772 2907 indulgentias
790 2825 937 2901 evolaret,
960 2825 985 2885 si
999 2842 1062 2885 mn-

149 2914 273 2986 maur,
307 2928 377 2969 eum
398 2908 468 2972 talis
490 2909 616 2970 omnino
636 2908 678 2968 sit
698 2908 765 2969 sine
785 2907 876 2971 bonis
898 2904 1062 2987 operibus?

148 2989 261 3051 Deinde
283 2991 397 3053 rideris
417 2991 588 3070 admittere,
609 2990 693 3070 qood
715 3008 783 3051 nunt
805 2990 894 3051 boum
917 2989 1061 3071 operibus

149 3074 264 3151 possint
282 3093 354 3135 esse
376 3075 443 3148 tuti,
464 3074 526 3135 hoo
546 3072 714 3135 seeundum
737 3080 768 3133 ta
783 3072 985 3133 Christianum
1005 3078 1060 3143 est,

150 3155 310 3216 seeundum
336 3156 540 3236 Augustinum
572 3164 605 3217 et
624 3155 752 3217 Paulum
779 3156 977 3237 Pelagisnum
1005 3162 1061 3233 est,

151 3256 215 3297 oum
233 3238 307 3299 talis
328 3256 426 3319 opera
445 3258 553 3301 revera
573 3238 658 3299 nulla
679 3239 753 3316 sint,
782 3237 891 3317 quibus
913 3238 968 3299 tuti
992 3256 1061 3297 esse

152 3338 323 3398 possumus,
352 3320 409 3383 sed
429 3321 513 3383 nuda
533 3320 744 3383 miserioordis
767 3320 845 3381 salvi
873 3322 1001 3397 erimus,
1030 3324 1063 3381 ut

152 3402 314 3481 Apostolus
335 3403 394 3465 Tit
416 3407 451 3469 3:
493 3404 563 3466 Non
585 3403 790 3484 exoperibus
812 3404 960 3479 iustitiae,
981 3420 1062 3481 quas
1088 3469 1091 3477 p

151 3484 272 3547 seoimus
307 3505 381 3565 nos,
416 3486 469 3549 sed
503 3485 670 3549 seeundum
699 3485 939 3549 miserioordiam
974 3504 1061 3547 suant

154 3567 250 3709 spinos
277 3588 335 3633 nos
362 3569 447 3633 lenit.
491 3569 538 3631 lta
565 3576 597 3631 st
623 3568 712 3633 alibi:
746 3569 815 3631 sola
841 3566 918 3629 fides
946 3568 1062 3631 iustitia

156 3652 301 3729 goriamr.

232 3732 419 3811 Secundum,
457 3735 507 3813 qui
538 3753 612 3796 vero
640 3754 680 3797 ex
711 3734 859 3814 spirituali
897 3732 1061 3799 commodo

159 3815 298 3877 eiusmodi
320 3816 475 3879 literarum
496 3816 673 3898 ooneipiunt
701 3835 788 3897 spem
809 3814 1063 3891 melinsvirendi
