<?xml version="1.0" encoding="UTF-8"?>
<!DOCTYPE html PUBLIC "-//W3C//DTD XHTML 1.0 Transitional//EN"
    "http://www.w3.org/TR/xhtml1/DTD/xhtml1-transitional.dtd">
<html xmlns="http://www.w3.org/1999/xhtml" xml:lang="en" lang="en">
 <head>
  <title>
</title>
<meta http-equiv="Content-Type" content="text/html;charset=utf-8" />
  <meta name='ocr-system' content='tesseract 3.04.00' />
  <meta name='ocr-capabilities' content='ocr_page ocr_carea ocr_par ocr_line ocrx_word'/>
</head>
<body>
  <div class='ocr_page' id='page_1' title='image "./operalatinavari06schmgoog_0173.png"; bbox 0 0 2600 4300; ppageno 0'>
   <div class='ocr_carea' id='block_1_1' title="bbox 391 314 1103 437">
    <p class='ocr_par' dir='ltr' id='par_1_1' title="bbox 391 314 1103 437">
     <span class='ocr_line' id='line_1_1' title="bbox 391 314 1103 437; baseline 0.015 -16"><span class='ocrx_word' id='word_1_1' title='bbox 391 362 427 422; x_wconf 79' lang='lat' dir='ltr'>tt</span> <span class='ocrx_word' id='word_1_2' title='bbox 446 353 546 423; x_wconf 76' lang='lat' dir='ltr'>virtuts</span> <span class='ocrx_word' id='word_1_3' title='bbox 570 367 817 437; x_wconf 74' lang='lat' dir='ltr'>indulgentiam.</span> <span class='ocrx_word' id='word_1_4' title='bbox 1005 364 1066 431; x_wconf 82' lang='grc'>163</span> <span class='ocrx_word' id='word_1_5' title='bbox 1097 314 1103 321; x_wconf 19' lang='grc' dir='ltr'><em>ι</em></span> 
     </span>
    </p>
   </div>
   <div class='ocr_carea' id='block_1_2' title="bbox 101 495 1085 3922">
    <p class='ocr_par' dir='ltr' id='par_1_2' title="bbox 903 495 912 523">
     <span class='ocr_line' id='line_1_2' title="bbox 903 495 912 523; baseline 0 0"><span class='ocrx_word' id='word_1_6' title='bbox 903 495 912 523; x_wconf 86' lang='grc' dir='ltr'><em>Ι</em></span> 
     </span>
    </p>

    <p class='ocr_par' dir='ltr' id='par_1_3' title="bbox 146 522 1069 1109">
     <span class='ocr_line' id='line_1_3' title="bbox 149 522 1069 617; baseline 0.004 -24"><span class='ocrx_word' id='word_1_7' title='bbox 149 540 196 593; x_wconf 84' lang='lat' dir='ltr'>tur</span> <span class='ocrx_word' id='word_1_8' title='bbox 216 552 315 613; x_wconf 70' lang='lat' dir='ltr'>oram,</span> <span class='ocrx_word' id='word_1_9' title='bbox 338 534 504 615; x_wconf 83' lang='lat' dir='ltr'>celebrare,</span> <span class='ocrx_word' id='word_1_10' title='bbox 525 534 637 596; x_wconf 87' lang='lat' dir='ltr'>deinde</span> <span class='ocrx_word' id='word_1_11' title='bbox 658 534 710 596; x_wconf 76' lang='lat' dir='ltr'>alii</span> <span class='ocrx_word' id='word_1_12' title='bbox 720 522 844 617; x_wconf 80' lang='lat' dir='ltr'>quoquo</span> <span class='ocrx_word' id='word_1_13' title='bbox 862 552 922 597; x_wconf 80' lang='lat' dir='ltr'>nse</span> <span class='ocrx_word' id='word_1_14' title='bbox 933 536 1069 597; x_wconf 79' lang='lat' dir='ltr'>ieiunare</span> 
     </span>
     <span class='ocr_line' id='line_1_4' title="bbox 147 616 1067 699; baseline 0.005 -23"><span class='ocrx_word' id='word_1_15' title='bbox 147 634 203 676; x_wconf 83' lang='lat' dir='ltr'>neo</span> <span class='ocrx_word' id='word_1_16' title='bbox 223 618 369 699; x_wconf 78' lang='lat' dir='ltr'>vigilare,</span> <span class='ocrx_word' id='word_1_17' title='bbox 395 636 455 678; x_wconf 90' lang='lat' dir='ltr'>nec</span> <span class='ocrx_word' id='word_1_18' title='bbox 475 636 495 677; x_wconf 88' lang='lat' dir='ltr'>a</span> <span class='ocrx_word' id='word_1_19' title='bbox 517 619 678 699; x_wconf 85' lang='lat' dir='ltr'>carnibus,</span> <span class='ocrx_word' id='word_1_20' title='bbox 701 620 777 697; x_wconf 84' lang='lat' dir='ltr'>ovis,</span> <span class='ocrx_word' id='word_1_21' title='bbox 800 618 881 679; x_wconf 87' lang='lat' dir='ltr'>lacte</span> <span class='ocrx_word' id='word_1_22' title='bbox 902 616 1067 681; x_wconf 78' lang='lat' dir='ltr'>abstinero.</span> 
     </span>
     <span class='ocr_line' id='line_1_5' title="bbox 149 697 1066 781; baseline 0.001 -21"><span class='ocrx_word' id='word_1_23' title='bbox 149 697 284 781; x_wconf 73' lang='lat' dir='ltr'>Suntque</span> <span class='ocrx_word' id='word_1_24' title='bbox 320 702 426 761; x_wconf 86' lang='lat' dir='ltr'>omnia</span> <span class='ocrx_word' id='word_1_25' title='bbox 453 718 516 761; x_wconf 91' lang='lat' dir='ltr'>non</span> <span class='ocrx_word' id='word_1_26' title='bbox 551 703 645 762; x_wconf 86' lang='lat' dir='ltr'>modo</span> <span class='ocrx_word' id='word_1_27' title='bbox 678 698 788 781; x_wconf 72' lang='lat' dir='ltr'>libera,</span> <span class='ocrx_word' id='word_1_28' title='bbox 818 702 882 763; x_wconf 87' lang='lat' dir='ltr'>imo</span> <span class='ocrx_word' id='word_1_29' title='bbox 903 700 1066 781; x_wconf 82' lang='lat' dir='ltr'>prohibita,</span> 
     </span>
     <span class='ocr_line' id='line_1_6' title="bbox 147 783 1067 864; baseline 0.005 -24"><span class='ocrx_word' id='word_1_30' title='bbox 147 800 222 861; x_wconf 83' lang='lat' dir='ltr'>quaa</span> <span class='ocrx_word' id='word_1_31' title='bbox 250 784 336 862; x_wconf 88' lang='lat' dir='ltr'>prius</span> <span class='ocrx_word' id='word_1_32' title='bbox 364 790 453 845; x_wconf 86' lang='lat' dir='ltr'>arant</span> <span class='ocrx_word' id='word_1_33' title='bbox 479 784 562 843; x_wconf 85' lang='lat' dir='ltr'>sanis</span> <span class='ocrx_word' id='word_1_34' title='bbox 594 788 770 864; x_wconf 83' lang='lat' dir='ltr'>praecepta.</span> <span class='ocrx_word' id='word_1_35' title='bbox 819 783 964 863; x_wconf 80' lang='lat' dir='ltr'>Alioquin</span> <span class='ocrx_word' id='word_1_36' title='bbox 997 800 1067 845; x_wconf 87' lang='lat' dir='ltr'>oum</span> 
     </span>
     <span class='ocr_line' id='line_1_7' title="bbox 149 864 1066 948; baseline 0.003 -24"><span class='ocrx_word' id='word_1_37' title='bbox 149 883 199 924; x_wconf 89' lang='lat' dir='ltr'>eos</span> <span class='ocrx_word' id='word_1_38' title='bbox 221 867 285 925; x_wconf 91' lang='lat' dir='ltr'>iam</span> <span class='ocrx_word' id='word_1_39' title='bbox 307 885 416 926; x_wconf 90' lang='lat' dir='ltr'>manua</span> <span class='ocrx_word' id='word_1_40' title='bbox 429 867 552 926; x_wconf 88' lang='lat' dir='ltr'>Domini</span> <span class='ocrx_word' id='word_1_41' title='bbox 574 872 690 948; x_wconf 87' lang='lat' dir='ltr'>tangat,</span> <span class='ocrx_word' id='word_1_42' title='bbox 712 866 863 927; x_wconf 79' lang='lat' dir='ltr'><strong>diceretur</strong></span> <span class='ocrx_word' id='word_1_43' title='bbox 884 869 942 926; x_wconf 84' lang='lat' dir='ltr'>ela:</span> <span class='ocrx_word' id='word_1_44' title='bbox 963 864 1066 941; x_wconf 81' lang='lat' dir='ltr'>Quare</span> 
     </span>
     <span class='ocr_line' id='line_1_8' title="bbox 148 947 1066 1029; baseline 0.003 -23"><span class='ocrx_word' id='word_1_45' title='bbox 148 964 192 1007; x_wconf 84' lang='lat' dir='ltr'>me</span> <span class='ocrx_word' id='word_1_46' title='bbox 212 950 436 1027; x_wconf 86' lang='lat' dir='ltr'>persequimini</span> <span class='ocrx_word' id='word_1_47' title='bbox 457 949 536 1009; x_wconf 84' lang='lat' dir='ltr'>sicut</span> <span class='ocrx_word' id='word_1_48' title='bbox 557 947 662 1021; x_wconf 76' lang='lat' dir='ltr'>Deus,</span> <span class='ocrx_word' id='word_1_49' title='bbox 690 956 722 1009; x_wconf 92' lang='lat' dir='ltr'>et</span> <span class='ocrx_word' id='word_1_50' title='bbox 750 950 891 1011; x_wconf 84' lang='lat' dir='ltr'>carnibus</span> <span class='ocrx_word' id='word_1_51' title='bbox 913 948 990 1009; x_wconf 80' lang='lat' dir='ltr'>meis</span> <span class='ocrx_word' id='word_1_52' title='bbox 1016 948 1066 1029; x_wconf 86' lang='lat' dir='ltr'>(id</span> 
     </span>
     <span class='ocr_line' id='line_1_9' title="bbox 146 1028 683 1109; baseline 0.007 -20"><span class='ocrx_word' id='word_1_53' title='bbox 146 1036 198 1109; x_wconf 83' lang='lat' dir='ltr'>ast,</span> <span class='ocrx_word' id='word_1_54' title='bbox 217 1028 471 1107; x_wconf 78' lang='lat' dir='ltr'>infirmitatibus)</span> <span class='ocrx_word' id='word_1_55' title='bbox 496 1032 683 1093; x_wconf 72' lang='lat' dir='ltr'><strong>saturamini.</strong></span> 
     </span>
    </p>

    <p class='ocr_par' dir='ltr' id='par_1_4' title="bbox 145 1112 1066 1752">
     <span class='ocr_line' id='line_1_10' title="bbox 222 1112 1064 1195; baseline 0 -22"><span class='ocrx_word' id='word_1_56' title='bbox 222 1113 333 1193; x_wconf 80' lang='lat' dir='ltr'>Argao</span> <span class='ocrx_word' id='word_1_57' title='bbox 353 1116 472 1193; x_wconf 86' lang='lat' dir='ltr'>itaque:</span> <span class='ocrx_word' id='word_1_58' title='bbox 515 1114 659 1175; x_wconf 75' lang='lat' dir='ltr'>canones</span> <span class='ocrx_word' id='word_1_59' title='bbox 682 1119 753 1175; x_wconf 88' lang='lat' dir='ltr'>aunt</span> <span class='ocrx_word' id='word_1_60' title='bbox 779 1112 913 1195; x_wconf 78' lang='lat' dir='ltr'>impositi</span> <span class='ocrx_word' id='word_1_61' title='bbox 936 1130 999 1174; x_wconf 91' lang='lat' dir='ltr'>non</span> <span class='ocrx_word' id='word_1_62' title='bbox 1020 1114 1064 1173; x_wconf 88' lang='lat' dir='ltr'>in-</span> 
     </span>
     <span class='ocr_line' id='line_1_11' title="bbox 145 1194 1065 1278; baseline 0.001 -24"><span class='ocrx_word' id='word_1_63' title='bbox 145 1194 253 1274; x_wconf 86' lang='lat' dir='ltr'>lirmis,</span> <span class='ocrx_word' id='word_1_64' title='bbox 289 1196 346 1256; x_wconf 84' lang='lat' dir='ltr'>aad</span> <span class='ocrx_word' id='word_1_65' title='bbox 368 1197 452 1256; x_wconf 87' lang='lat' dir='ltr'>sanis</span> <span class='ocrx_word' id='word_1_66' title='bbox 473 1202 505 1256; x_wconf 90' lang='lat' dir='ltr'>et</span> <span class='ocrx_word' id='word_1_67' title='bbox 524 1197 714 1275; x_wconf 85' lang='lat' dir='ltr'>valentibus,</span> <span class='ocrx_word' id='word_1_68' title='bbox 749 1214 823 1278; x_wconf 87' lang='lat' dir='ltr'>argo</span> <span class='ocrx_word' id='word_1_69' title='bbox 847 1195 943 1256; x_wconf 89' lang='lat' dir='ltr'>multo</span> <span class='ocrx_word' id='word_1_70' title='bbox 966 1198 1065 1256; x_wconf 89' lang='lat' dir='ltr'>minus</span> 
     </span>
     <span class='ocr_line' id='line_1_12' title="bbox 146 1278 1066 1357; baseline 0.001 -21"><span class='ocrx_word' id='word_1_71' title='bbox 146 1279 280 1357; x_wconf 75' lang='lat' dir='ltr'>mortuis,</span> <span class='ocrx_word' id='word_1_72' title='bbox 303 1278 359 1339; x_wconf 85' lang='lat' dir='ltr'>sed</span> <span class='ocrx_word' id='word_1_73' title='bbox 381 1279 561 1339; x_wconf 81' lang='lat' dir='ltr'>viventibus.</span> <span class='ocrx_word' id='word_1_74' title='bbox 603 1280 666 1339; x_wconf 86' lang='lat' dir='ltr'>Aut</span> <span class='ocrx_word' id='word_1_75' title='bbox 694 1283 719 1339; x_wconf 91' lang='lat' dir='ltr'>sl</span> <span class='ocrx_word' id='word_1_76' title='bbox 741 1280 877 1339; x_wconf 85' lang='lat' dir='ltr'>morituri</span> <span class='ocrx_word' id='word_1_77' title='bbox 900 1285 932 1338; x_wconf 87' lang='lat' dir='ltr'>et</span> <span class='ocrx_word' id='word_1_78' title='bbox 955 1280 1066 1339; x_wconf 87' lang='lat' dir='ltr'>mortni</span> 
     </span>
     <span class='ocr_line' id='line_1_13' title="bbox 146 1360 1066 1441; baseline 0.002 -23"><span class='ocrx_word' id='word_1_79' title='bbox 146 1378 203 1421; x_wconf 92' lang='lat' dir='ltr'>non</span> <span class='ocrx_word' id='word_1_80' title='bbox 226 1368 301 1420; x_wconf 87' lang='lat' dir='ltr'>aunt</span> <span class='ocrx_word' id='word_1_81' title='bbox 321 1361 430 1440; x_wconf 86' lang='lat' dir='ltr'>liberi,</span> <span class='ocrx_word' id='word_1_82' title='bbox 453 1380 507 1421; x_wconf 90' lang='lat' dir='ltr'>cur</span> <span class='ocrx_word' id='word_1_83' title='bbox 527 1361 637 1421; x_wconf 87' lang='lat' dir='ltr'>infirmi</span> <span class='ocrx_word' id='word_1_84' title='bbox 660 1364 751 1421; x_wconf 87' lang='lat' dir='ltr'>etiam</span> <span class='ocrx_word' id='word_1_85' title='bbox 775 1380 837 1421; x_wconf 91' lang='lat' dir='ltr'>non</span> <span class='ocrx_word' id='word_1_86' title='bbox 861 1360 977 1421; x_wconf 82' lang='lat' dir='ltr'>eisdem</span> <span class='ocrx_word' id='word_1_87' title='bbox 998 1378 1066 1441; x_wconf 88' lang='lat' dir='ltr'>pro-</span> 
     </span>
     <span class='ocr_line' id='line_1_14' title="bbox 147 1444 1066 1525; baseline 0.002 -24"><span class='ocrx_word' id='word_1_88' title='bbox 147 1450 266 1503; x_wconf 86' lang='lat' dir='ltr'>muntur</span> <span class='ocrx_word' id='word_1_89' title='bbox 288 1450 321 1503; x_wconf 86' lang='lat' dir='ltr'>et</span> <span class='ocrx_word' id='word_1_90' title='bbox 343 1444 517 1505; x_wconf 76' lang='lat' dir='ltr'><strong>vexantur?</strong></span> <span class='ocrx_word' id='word_1_91' title='bbox 545 1446 677 1525; x_wconf 87' lang='lat' dir='ltr'>denique</span> <span class='ocrx_word' id='word_1_92' title='bbox 698 1452 823 1525; x_wconf 84' lang='lat' dir='ltr'>recepta</span> <span class='ocrx_word' id='word_1_93' title='bbox 844 1445 974 1504; x_wconf 85' lang='lat' dir='ltr'>sanitato</span> <span class='ocrx_word' id='word_1_94' title='bbox 1003 1463 1066 1505; x_wconf 92' lang='lat' dir='ltr'>non</span> 
     </span>
     <span class='ocr_line' id='line_1_15' title="bbox 145 1526 1064 1609; baseline 0 -24"><span class='ocrx_word' id='word_1_95' title='bbox 145 1532 286 1585; x_wconf 85' lang='lat' dir='ltr'>tenentur</span> <span class='ocrx_word' id='word_1_96' title='bbox 295 1536 435 1606; x_wconf 83' lang='lat' dir='ltr'>repetere</span> <span class='ocrx_word' id='word_1_97' title='bbox 447 1528 563 1587; x_wconf 84' lang='lat' dir='ltr'>omissa</span> <span class='ocrx_word' id='word_1_98' title='bbox 573 1528 603 1586; x_wconf 93' lang='lat' dir='ltr'>in</span> <span class='ocrx_word' id='word_1_99' title='bbox 612 1526 800 1609; x_wconf 75' lang='lat' dir='ltr'>infirmitate,</span> <span class='ocrx_word' id='word_1_100' title='bbox 819 1526 976 1607; x_wconf 89' lang='lat' dir='ltr'>quomodo</span> <span class='ocrx_word' id='word_1_101' title='bbox 989 1544 1064 1607; x_wconf 81' lang='lat' dir='ltr'>argo</span> 
     </span>
     <span class='ocr_line' id='line_1_16' title="bbox 146 1608 1066 1692; baseline 0.001 -25"><span class='ocrx_word' id='word_1_102' title='bbox 146 1608 308 1667; x_wconf 81' lang='lat' dir='ltr'>credentur</span> <span class='ocrx_word' id='word_1_103' title='bbox 329 1616 402 1690; x_wconf 83' lang='lat' dir='ltr'>post</span> <span class='ocrx_word' id='word_1_104' title='bbox 423 1618 552 1669; x_wconf 88' lang='lat' dir='ltr'>mortem</span> <span class='ocrx_word' id='word_1_105' title='bbox 578 1608 738 1692; x_wconf 84' lang='lat' dir='ltr'>repetendi</span> <span class='ocrx_word' id='word_1_106' title='bbox 767 1616 820 1669; x_wconf 86' lang='lat' dir='ltr'>ant</span> <span class='ocrx_word' id='word_1_107' title='bbox 852 1608 991 1669; x_wconf 84' lang='lat' dir='ltr'>solvendi</span> <span class='ocrx_word' id='word_1_108' title='bbox 1016 1624 1066 1669; x_wconf 81' lang='lat' dir='ltr'>oa-</span> 
     </span>
     <span class='ocr_line' id='line_1_17' title="bbox 145 1706 251 1752; baseline 0.028 -3"><span class='ocrx_word' id='word_1_109' title='bbox 145 1706 251 1752; x_wconf 85' lang='lat' dir='ltr'>nones.</span> 
     </span>
    </p>

    <p class='ocr_par' dir='ltr' id='par_1_5' title="bbox 101 1772 1085 2995">
     <span class='ocr_line' id='line_1_18' title="bbox 222 1772 1064 1853; baseline 0 -20"><span class='ocrx_word' id='word_1_110' title='bbox 222 1773 287 1834; x_wconf 82' lang='lat' dir='ltr'>Sed</span> <span class='ocrx_word' id='word_1_111' title='bbox 309 1773 359 1833; x_wconf 86' lang='lat' dir='ltr'>hio</span> <span class='ocrx_word' id='word_1_112' title='bbox 387 1773 492 1833; x_wconf 82' lang='lat' dir='ltr'>dicunt</span> <span class='ocrx_word' id='word_1_113' title='bbox 512 1774 650 1853; x_wconf 85' lang='lat' dir='ltr'>quidam:</span> <span class='ocrx_word' id='word_1_114' title='bbox 692 1772 787 1853; x_wconf 77' lang='lat' dir='ltr'>Quid,</span> <span class='ocrx_word' id='word_1_115' title='bbox 821 1774 847 1833; x_wconf 91' lang='lat' dir='ltr'>sl</span> <span class='ocrx_word' id='word_1_116' title='bbox 875 1774 941 1852; x_wconf 82' lang='lat' dir='ltr'>quis</span> <span class='ocrx_word' id='word_1_117' title='bbox 971 1789 1064 1833; x_wconf 86' lang='lat' dir='ltr'>sanna</span> 
     </span>
     <span class='ocr_line' id='line_1_19' title="bbox 145 1857 1064 1937; baseline 0.001 -23"><span class='ocrx_word' id='word_1_118' title='bbox 145 1857 308 1936; x_wconf 85' lang='lat' dir='ltr'>impositas</span> <span class='ocrx_word' id='word_1_119' title='bbox 331 1858 537 1936; x_wconf 82' lang='lat' dir='ltr'>poenitentias</span> <span class='ocrx_word' id='word_1_120' title='bbox 559 1858 707 1934; x_wconf 82' lang='lat' dir='ltr'>omiserit,</span> <span class='ocrx_word' id='word_1_121' title='bbox 730 1862 762 1917; x_wconf 87' lang='lat' dir='ltr'>et</span> <span class='ocrx_word' id='word_1_122' title='bbox 781 1857 1064 1937; x_wconf 85' lang='lat' dir='ltr'>posteamoriturus</span> 
     </span>
     <span class='ocr_line' id='line_1_20' title="bbox 147 1937 1066 2019; baseline -0.001 -21"><span class='ocrx_word' id='word_1_123' title='bbox 147 1937 348 2000; x_wconf 76' lang='lat' dir='ltr'>confiteatur?</span> <span class='ocrx_word' id='word_1_124' title='bbox 371 1939 499 2018; x_wconf 85' lang='lat' dir='ltr'>videtur,</span> <span class='ocrx_word' id='word_1_125' title='bbox 520 1940 604 2019; x_wconf 87' lang='lat' dir='ltr'>quod</span> <span class='ocrx_word' id='word_1_126' title='bbox 626 1940 703 2000; x_wconf 84' lang='lat' dir='ltr'>talea</span> <span class='ocrx_word' id='word_1_127' title='bbox 726 1941 852 1999; x_wconf 89' lang='lat' dir='ltr'>omnino</span> <span class='ocrx_word' id='word_1_128' title='bbox 874 1956 1003 2003; x_wconf 86' lang='lat' dir='ltr'>necessa</span> <span class='ocrx_word' id='word_1_129' title='bbox 1025 1940 1066 1998; x_wconf 87' lang='lat' dir='ltr'>sit</span> 
     </span>
     <span class='ocr_line' id='line_1_21' title="bbox 101 2020 1066 2103; baseline -0.004 -18"><span class='ocrx_word' id='word_1_130' title='bbox 101 2071 104 2085; x_wconf 91' lang='lat'>.</span> <span class='ocrx_word' id='word_1_131' title='bbox 147 2022 174 2079; x_wconf 91' lang='lat' dir='ltr'>in</span> <span class='ocrx_word' id='word_1_132' title='bbox 193 2023 376 2102; x_wconf 87' lang='lat' dir='ltr'>purgatorio</span> <span class='ocrx_word' id='word_1_133' title='bbox 400 2022 534 2101; x_wconf 83' lang='lat' dir='ltr'>solvere,</span> <span class='ocrx_word' id='word_1_134' title='bbox 564 2022 683 2082; x_wconf 87' lang='lat' dir='ltr'>etiamsi</span> <span class='ocrx_word' id='word_1_135' title='bbox 706 2022 786 2082; x_wconf 85' lang='lat' dir='ltr'>altae</span> <span class='ocrx_word' id='word_1_136' title='bbox 815 2038 878 2082; x_wconf 92' lang='lat' dir='ltr'>non</span> <span class='ocrx_word' id='word_1_137' title='bbox 906 2020 1066 2103; x_wconf 87' lang='lat' dir='ltr'>imponan-</span> 
     </span>
     <span class='ocr_line' id='line_1_22' title="bbox 147 2102 1067 2186; baseline 0.001 -23"><span class='ocrx_word' id='word_1_138' title='bbox 147 2102 200 2164; x_wconf 82' lang='lat' dir='ltr'>dae</span> <span class='ocrx_word' id='word_1_139' title='bbox 222 2106 299 2184; x_wconf 83' lang='lat' dir='ltr'>sint,</span> <span class='ocrx_word' id='word_1_140' title='bbox 331 2111 469 2166; x_wconf 91' lang='lat' dir='ltr'>autnon</span> <span class='ocrx_word' id='word_1_141' title='bbox 490 2103 711 2186; x_wconf 81' lang='lat' dir='ltr'>imponantur?</span> <span class='ocrx_word' id='word_1_142' title='bbox 739 2102 945 2185; x_wconf 82' lang='lat' dir='ltr'>Respondes,</span> <span class='ocrx_word' id='word_1_143' title='bbox 985 2102 1067 2184; x_wconf 88' lang='lat' dir='ltr'>quod</span> 
     </span>
     <span class='ocr_line' id='line_1_23' title="bbox 147 2187 1067 2268; baseline 0 -21"><span class='ocrx_word' id='word_1_144' title='bbox 147 2204 337 2268; x_wconf 85' lang='lat' dir='ltr'>nequaquam</span> <span class='ocrx_word' id='word_1_145' title='bbox 389 2189 462 2266; x_wconf 89' lang='lat' dir='ltr'>quia</span> <span class='ocrx_word' id='word_1_146' title='bbox 488 2207 543 2268; x_wconf 88' lang='lat' dir='ltr'>per</span> <span class='ocrx_word' id='word_1_147' title='bbox 568 2187 662 2248; x_wconf 88' lang='lat' dir='ltr'>talem</span> <span class='ocrx_word' id='word_1_148' title='bbox 690 2189 889 2248; x_wconf 84' lang='lat' dir='ltr'>omissionem</span> <span class='ocrx_word' id='word_1_149' title='bbox 921 2187 996 2246; x_wconf 89' lang='lat' dir='ltr'>nihil</span> <span class='ocrx_word' id='word_1_150' title='bbox 1018 2195 1067 2247; x_wconf 84' lang='lat' dir='ltr'>est</span> 
     </span>
     <span class='ocr_line' id='line_1_24' title="bbox 145 2236 1065 2350; baseline 0.001 -21"><span class='ocrx_word' id='word_1_151' title='bbox 145 2270 255 2330; x_wconf 81' lang='lat' dir='ltr'>factum</span> <span class='ocrx_word' id='word_1_152' title='bbox 279 2236 374 2347; x_wconf 75' lang='lat' dir='ltr'>atini,</span> <span class='ocrx_word' id='word_1_153' title='bbox 397 2289 488 2350; x_wconf 83' lang='lat' dir='ltr'>quam</span> <span class='ocrx_word' id='word_1_154' title='bbox 511 2270 594 2350; x_wconf 91' lang='lat' dir='ltr'>quod</span> <span class='ocrx_word' id='word_1_155' title='bbox 616 2277 725 2331; x_wconf 84' lang='lat' dir='ltr'>eontra</span> <span class='ocrx_word' id='word_1_156' title='bbox 745 2276 944 2350; x_wconf 79' lang='lat' dir='ltr'>praeceptum</span> <span class='ocrx_word' id='word_1_157' title='bbox 967 2270 1065 2330; x_wconf 71' lang='lat' dir='ltr'>coela</span> 
     </span>
     <span class='ocr_line' id='line_1_25' title="bbox 147 2351 1063 2433; baseline 0 -21"><span class='ocrx_word' id='word_1_158' title='bbox 147 2353 206 2413; x_wconf 87' lang='lat' dir='ltr'>siae</span> <span class='ocrx_word' id='word_1_159' title='bbox 225 2359 391 2433; x_wconf 87' lang='lat' dir='ltr'>peccatum</span> <span class='ocrx_word' id='word_1_160' title='bbox 414 2361 482 2431; x_wconf 82' lang='lat' dir='ltr'>sat,</span> <span class='ocrx_word' id='word_1_161' title='bbox 505 2353 543 2412; x_wconf 90' lang='lat' dir='ltr'>de</span> <span class='ocrx_word' id='word_1_162' title='bbox 565 2370 626 2432; x_wconf 92' lang='lat' dir='ltr'>quo</span> <span class='ocrx_word' id='word_1_163' title='bbox 648 2352 816 2414; x_wconf 86' lang='lat' dir='ltr'>dolendum</span> <span class='ocrx_word' id='word_1_164' title='bbox 838 2359 903 2429; x_wconf 84' lang='lat' dir='ltr'>est,</span> <span class='ocrx_word' id='word_1_165' title='bbox 926 2371 989 2414; x_wconf 91' lang='lat' dir='ltr'>non</span> <span class='ocrx_word' id='word_1_166' title='bbox 1012 2351 1063 2412; x_wconf 81' lang='lat' dir='ltr'>da·</span> 
     </span>
     <span class='ocr_line' id='line_1_26' title="bbox 148 2435 1085 2516; baseline 0.001 -23"><span class='ocrx_word' id='word_1_167' title='bbox 148 2453 203 2496; x_wconf 90' lang='lat' dir='ltr'>nno</span> <span class='ocrx_word' id='word_1_168' title='bbox 225 2435 430 2516; x_wconf 81' lang='lat' dir='ltr'>repetendum</span> <span class='ocrx_word' id='word_1_169' title='bbox 453 2453 491 2495; x_wconf 88' lang='lat' dir='ltr'>ao</span> <span class='ocrx_word' id='word_1_170' title='bbox 511 2435 701 2516; x_wconf 87' lang='lat' dir='ltr'>implendum</span> <span class='ocrx_word' id='word_1_171' title='bbox 722 2453 781 2515; x_wconf 83' lang='lat' dir='ltr'>pro</span> <span class='ocrx_word' id='word_1_172' title='bbox 802 2435 986 2515; x_wconf 80' lang='lat' dir='ltr'>praeterito,</span> <span class='ocrx_word' id='word_1_173' title='bbox 1009 2435 1085 2496; x_wconf 79' lang='lat' dir='ltr'>aad·</span> 
     </span>
     <span class='ocr_line' id='line_1_27' title="bbox 148 2517 1064 2596; baseline 0 -19"><span class='ocrx_word' id='word_1_174' title='bbox 148 2517 324 2595; x_wconf 86' lang='lat' dir='ltr'>profuturo</span> <span class='ocrx_word' id='word_1_175' title='bbox 346 2525 475 2579; x_wconf 87' lang='lat' dir='ltr'>tanturn.</span> <span class='ocrx_word' id='word_1_176' title='bbox 518 2517 637 2578; x_wconf 83' lang='lat' dir='ltr'>Sufficit</span> <span class='ocrx_word' id='word_1_177' title='bbox 669 2517 728 2578; x_wconf 87' lang='lat' dir='ltr'>diei</span> <span class='ocrx_word' id='word_1_178' title='bbox 750 2519 866 2580; x_wconf 88' lang='lat' dir='ltr'>malitia</span> <span class='ocrx_word' id='word_1_179' title='bbox 901 2535 972 2596; x_wconf 83' lang='lat' dir='ltr'>sua,</span> <span class='ocrx_word' id='word_1_180' title='bbox 1002 2533 1064 2577; x_wconf 84' lang='lat' dir='ltr'>ora-</span> 
     </span>
     <span class='ocr_line' id='line_1_28' title="bbox 149 2599 1074 2681; baseline 0.001 -23"><span class='ocrx_word' id='word_1_181' title='bbox 149 2600 239 2660; x_wconf 87' lang='lat' dir='ltr'>stinus</span> <span class='ocrx_word' id='word_1_182' title='bbox 261 2601 412 2662; x_wconf 84' lang='lat' dir='ltr'>sollicitus</span> <span class='ocrx_word' id='word_1_183' title='bbox 434 2602 492 2660; x_wconf 86' lang='lat' dir='ltr'>erit</span> <span class='ocrx_word' id='word_1_184' title='bbox 512 2601 579 2662; x_wconf 86' lang='lat' dir='ltr'>sibl.</span> <span class='ocrx_word' id='word_1_185' title='bbox 623 2599 713 2675; x_wconf 79' lang='lat' dir='ltr'>Quod</span> <span class='ocrx_word' id='word_1_186' title='bbox 736 2602 761 2660; x_wconf 90' lang='lat' dir='ltr'>si</span> <span class='ocrx_word' id='word_1_187' title='bbox 790 2600 948 2681; x_wconf 84' lang='lat' dir='ltr'>praecepti</span> <span class='ocrx_word' id='word_1_188' title='bbox 969 2603 1074 2660; x_wconf 67' lang='lat' dir='ltr'>trans:</span> 
     </span>
     <span class='ocr_line' id='line_1_29' title="bbox 150 2683 1063 2763; baseline 0 -20"><span class='ocrx_word' id='word_1_189' title='bbox 150 2684 261 2761; x_wconf 70' lang='lat' dir='ltr'>granno</span> <span class='ocrx_word' id='word_1_190' title='bbox 289 2683 381 2743; x_wconf 87' lang='lat' dir='ltr'>ullius</span> <span class='ocrx_word' id='word_1_191' title='bbox 410 2690 492 2743; x_wconf 85' lang='lat' dir='ltr'>esset</span> <span class='ocrx_word' id='word_1_192' title='bbox 518 2683 703 2763; x_wconf 85' lang='lat' dir='ltr'>repetenda,</span> <span class='ocrx_word' id='word_1_193' title='bbox 738 2691 771 2743; x_wconf 87' lang='lat' dir='ltr'>ut</span> <span class='ocrx_word' id='word_1_194' title='bbox 804 2683 889 2744; x_wconf 86' lang='lat' dir='ltr'>nulla</span> <span class='ocrx_word' id='word_1_195' title='bbox 915 2689 1063 2760; x_wconf 81' lang='lat' dir='ltr'>maneret,</span> 
     </span>
     <span class='ocr_line' id='line_1_30' title="bbox 150 2763 1064 2848; baseline 0.001 -24"><span class='ocrx_word' id='word_1_196' title='bbox 150 2767 277 2825; x_wconf 86' lang='lat' dir='ltr'>maxime</span> <span class='ocrx_word' id='word_1_197' title='bbox 296 2765 329 2825; x_wconf 86' lang='lat' dir='ltr'>id</span> <span class='ocrx_word' id='word_1_198' title='bbox 350 2767 382 2825; x_wconf 91' lang='lat' dir='ltr'>in</span> <span class='ocrx_word' id='word_1_199' title='bbox 404 2765 462 2826; x_wconf 89' lang='lat' dir='ltr'>Dei</span> <span class='ocrx_word' id='word_1_200' title='bbox 482 2769 655 2846; x_wconf 75' lang='lat' dir='ltr'>praeceptis</span> <span class='ocrx_word' id='word_1_201' title='bbox 677 2764 741 2826; x_wconf 90' lang='lat' dir='ltr'>fleri</span> <span class='ocrx_word' id='word_1_202' title='bbox 765 2763 906 2848; x_wconf 76' lang='lat' dir='ltr'>deberet,</span> <span class='ocrx_word' id='word_1_203' title='bbox 939 2765 994 2826; x_wconf 85' lang='lat' dir='ltr'>ssd</span> <span class='ocrx_word' id='word_1_204' title='bbox 1017 2775 1064 2825; x_wconf 83' lang='lat' dir='ltr'>att</span> 
     </span>
     <span class='ocr_line' id='line_1_31' title="bbox 146 2847 1064 2928; baseline 0.003 -23"><span class='ocrx_word' id='word_1_205' title='bbox 146 2847 348 2928; x_wconf 86' lang='lat' dir='ltr'>inpossibile,</span> <span class='ocrx_word' id='word_1_206' title='bbox 378 2854 412 2908; x_wconf 88' lang='lat' dir='ltr'>ut</span> <span class='ocrx_word' id='word_1_207' title='bbox 439 2847 620 2909; x_wconf 82' lang='lat' dir='ltr'>adulterium</span> <span class='ocrx_word' id='word_1_208' title='bbox 641 2849 767 2909; x_wconf 89' lang='lat' dir='ltr'>nonsit</span> <span class='ocrx_word' id='word_1_209' title='bbox 795 2847 908 2908; x_wconf 85' lang='lat' dir='ltr'>lactum</span> <span class='ocrx_word' id='word_1_210' title='bbox 931 2851 1064 2909; x_wconf 84' lang='lat' dir='ltr'>omissae</span> 
     </span>
     <span class='ocr_line' id='line_1_32' title="bbox 151 2932 302 2995; baseline 0.026 -5"><span class='ocrx_word' id='word_1_211' title='bbox 151 2932 302 2995; x_wconf 74' lang='lat' dir='ltr'>mutitatis.</span> 
     </span>
    </p>

    <p class='ocr_par' dir='ltr' id='par_1_6' title="bbox 153 3013 1066 3672">
     <span class='ocr_line' id='line_1_33' title="bbox 223 3013 1063 3093; baseline 0 -20"><span class='ocrx_word' id='word_1_212' title='bbox 223 3013 327 3089; x_wconf 83' lang='lat' dir='ltr'>Nono,</span> <span class='ocrx_word' id='word_1_213' title='bbox 351 3013 684 3093; x_wconf 83' lang='lat' dir='ltr'>quicunquemaiorem</span> <span class='ocrx_word' id='word_1_214' title='bbox 704 3029 836 3093; x_wconf 86' lang='lat' dir='ltr'>poenam</span> <span class='ocrx_word' id='word_1_215' title='bbox 859 3013 950 3090; x_wconf 86' lang='lat' dir='ltr'>subit,</span> <span class='ocrx_word' id='word_1_216' title='bbox 972 3032 1063 3092; x_wconf 88' lang='lat' dir='ltr'>quam</span> 
     </span>
     <span class='ocr_line' id='line_1_34' title="bbox 153 3095 1064 3176; baseline 0.002 -22"><span class='ocrx_word' id='word_1_217' title='bbox 153 3095 203 3155; x_wconf 86' lang='lat' dir='ltr'>sibi</span> <span class='ocrx_word' id='word_1_218' title='bbox 222 3097 369 3176; x_wconf 85' lang='lat' dir='ltr'>imposita</span> <span class='ocrx_word' id='word_1_219' title='bbox 391 3104 452 3172; x_wconf 78' lang='lat' dir='ltr'>est,</span> <span class='ocrx_word' id='word_1_220' title='bbox 485 3098 555 3156; x_wconf 82' lang='lat' dir='ltr'>lruic</span> <span class='ocrx_word' id='word_1_221' title='bbox 583 3097 693 3156; x_wconf 84' lang='lat' dir='ltr'>marito</span> <span class='ocrx_word' id='word_1_222' title='bbox 722 3103 752 3155; x_wconf 90' lang='lat' dir='ltr'>et</span> <span class='ocrx_word' id='word_1_223' title='bbox 781 3096 912 3156; x_wconf 87' lang='lat' dir='ltr'>naturali</span> <span class='ocrx_word' id='word_1_224' title='bbox 934 3098 1064 3156; x_wconf 76' lang='lat' dir='ltr'>iurare</span> 
     </span>
     <span class='ocr_line' id='line_1_35' title="bbox 153 3178 1064 3257; baseline 0 -20"><span class='ocrx_word' id='word_1_225' title='bbox 153 3179 302 3239; x_wconf 84' lang='lat' dir='ltr'>mittuntur</span> <span class='ocrx_word' id='word_1_226' title='bbox 330 3180 478 3257; x_wconf 83' lang='lat' dir='ltr'>minores,</span> <span class='ocrx_word' id='word_1_227' title='bbox 515 3178 570 3239; x_wconf 85' lang='lat' dir='ltr'>sed</span> <span class='ocrx_word' id='word_1_228' title='bbox 611 3180 773 3239; x_wconf 87' lang='lat' dir='ltr'>moriturus</span> <span class='ocrx_word' id='word_1_229' title='bbox 802 3178 884 3239; x_wconf 81' lang='lat' dir='ltr'>subit</span> <span class='ocrx_word' id='word_1_230' title='bbox 917 3179 1064 3255; x_wconf 83' lang='lat' dir='ltr'>ultimam,</span> 
     </span>
     <span class='ocr_line' id='line_1_36' title="bbox 154 3262 1063 3342; baseline 0.003 -23"><span class='ocrx_word' id='word_1_231' title='bbox 154 3279 294 3322; x_wconf 88' lang='lat' dir='ltr'>summam</span> <span class='ocrx_word' id='word_1_232' title='bbox 329 3269 361 3322; x_wconf 90' lang='lat' dir='ltr'>et</span> <span class='ocrx_word' id='word_1_233' title='bbox 398 3263 563 3322; x_wconf 83' lang='lat' dir='ltr'>maximam</span> <span class='ocrx_word' id='word_1_234' title='bbox 597 3273 782 3342; x_wconf 82' lang='lat' dir='ltr'>poenarum,</span> <span class='ocrx_word' id='word_1_235' title='bbox 819 3262 918 3321; x_wconf 80' lang='lat' dir='ltr'>silicet</span> <span class='ocrx_word' id='word_1_236' title='bbox 947 3263 1063 3322; x_wconf 88' lang='lat' dir='ltr'>mortis.</span> 
     </span>
     <span class='ocr_line' id='line_1_37' title="bbox 154 3341 1063 3425; baseline -0.001 -21"><span class='ocrx_word' id='word_1_237' title='bbox 154 3341 247 3418; x_wconf 73' lang='lat' dir='ltr'>Quare</span> <span class='ocrx_word' id='word_1_238' title='bbox 266 3352 430 3425; x_wconf 81' lang='lat' dir='ltr'>praesente</span> <span class='ocrx_word' id='word_1_239' title='bbox 453 3352 551 3406; x_wconf 84' lang='lat' dir='ltr'>morte</span> <span class='ocrx_word' id='word_1_240' title='bbox 573 3346 673 3405; x_wconf 86' lang='lat' dir='ltr'>omnis</span> <span class='ocrx_word' id='word_1_241' title='bbox 695 3345 757 3406; x_wconf 84' lang='lat' dir='ltr'>alia</span> <span class='ocrx_word' id='word_1_242' title='bbox 778 3343 870 3406; x_wconf 89' lang='lat' dir='ltr'>debet</span> <span class='ocrx_word' id='word_1_243' title='bbox 891 3343 972 3424; x_wconf 86' lang='lat' dir='ltr'>tolli,</span> <span class='ocrx_word' id='word_1_244' title='bbox 994 3359 1063 3403; x_wconf 86' lang='lat' dir='ltr'>oum</span> 
     </span>
     <span class='ocr_line' id='line_1_38' title="bbox 155 3425 1065 3508; baseline -0.001 -22"><span class='ocrx_word' id='word_1_245' title='bbox 155 3429 201 3486; x_wconf 83' lang='lat' dir='ltr'>vix</span> <span class='ocrx_word' id='word_1_246' title='bbox 218 3427 296 3488; x_wconf 85' lang='lat' dir='ltr'>ullus</span> <span class='ocrx_word' id='word_1_247' title='bbox 320 3426 534 3488; x_wconf 81' lang='lat' dir='ltr'>sufficiathnic</span> <span class='ocrx_word' id='word_1_248' title='bbox 555 3427 614 3488; x_wconf 89' lang='lat' dir='ltr'>soli</span> <span class='ocrx_word' id='word_1_249' title='bbox 635 3445 766 3508; x_wconf 87' lang='lat' dir='ltr'>poenae.</span> <span class='ocrx_word' id='word_1_250' title='bbox 796 3425 961 3488; x_wconf 68' lang='lat' dir='ltr'>utiterum</span> <span class='ocrx_word' id='word_1_251' title='bbox 983 3425 1065 3508; x_wconf 84' lang='lat' dir='ltr'>finge</span> 
     </span>
     <span class='ocr_line' id='line_1_39' title="bbox 158 3509 1066 3591; baseline 0.003 -24"><span class='ocrx_word' id='word_1_252' title='bbox 158 3527 253 3570; x_wconf 87' lang='lat' dir='ltr'>coram</span> <span class='ocrx_word' id='word_1_253' title='bbox 272 3510 450 3591; x_wconf 85' lang='lat' dir='ltr'>legislatore</span> <span class='ocrx_word' id='word_1_254' title='bbox 479 3513 657 3572; x_wconf 88' lang='lat' dir='ltr'>moriturum</span> <span class='ocrx_word' id='word_1_255' title='bbox 687 3527 756 3571; x_wconf 85' lang='lat' dir='ltr'>sese</span> <span class='ocrx_word' id='word_1_256' title='bbox 777 3509 817 3570; x_wconf 83' lang='lat' dir='ltr'>ad</span> <span class='ocrx_word' id='word_1_257' title='bbox 840 3517 969 3570; x_wconf 84' lang='lat' dir='ltr'>mortem</span> <span class='ocrx_word' id='word_1_258' title='bbox 991 3509 1066 3570; x_wconf 78' lang='lat' dir='ltr'>offe-</span> 
     </span>
     <span class='ocr_line' id='line_1_40' title="bbox 157 3588 1043 3672; baseline -0.001 -20"><span class='ocrx_word' id='word_1_259' title='bbox 157 3600 274 3672; x_wconf 88' lang='lat' dir='ltr'>rentem,</span> <span class='ocrx_word' id='word_1_260' title='bbox 293 3588 334 3654; x_wconf 78' lang='lat' dir='ltr'>an</span> <span class='ocrx_word' id='word_1_261' title='bbox 358 3612 423 3654; x_wconf 91' lang='lat' dir='ltr'>non</span> <span class='ocrx_word' id='word_1_262' title='bbox 443 3593 497 3653; x_wconf 87' lang='lat' dir='ltr'>ille</span> <span class='ocrx_word' id='word_1_263' title='bbox 518 3610 589 3654; x_wconf 86' lang='lat' dir='ltr'>suas</span> <span class='ocrx_word' id='word_1_264' title='bbox 611 3597 714 3654; x_wconf 87' lang='lat' dir='ltr'>statim</span> <span class='ocrx_word' id='word_1_265' title='bbox 736 3591 941 3654; x_wconf 75' lang='lat' dir='ltr'>retractabit?</span> <span class='ocrx_word' id='word_1_266' title='bbox 1039 3596 1043 3612; x_wconf 85' lang='lat'><em>&#39;</em></span> 
     </span>
    </p>

    <p class='ocr_par' dir='ltr' id='par_1_7' title="bbox 158 3674 1065 3922">
     <span class='ocr_line' id='line_1_41' title="bbox 228 3674 1065 3756; baseline -0.001 -20"><span class='ocrx_word' id='word_1_267' title='bbox 228 3675 376 3755; x_wconf 84' lang='lat' dir='ltr'>Decimo,</span> <span class='ocrx_word' id='word_1_268' title='bbox 401 3677 533 3737; x_wconf 85' lang='lat' dir='ltr'>illustres</span> <span class='ocrx_word' id='word_1_269' title='bbox 557 3678 681 3756; x_wconf 87' lang='lat' dir='ltr'>quidam</span> <span class='ocrx_word' id='word_1_270' title='bbox 703 3679 734 3737; x_wconf 91' lang='lat' dir='ltr'>in</span> <span class='ocrx_word' id='word_1_271' title='bbox 766 3675 899 3736; x_wconf 82' lang='lat' dir='ltr'>ecelesia</span> <span class='ocrx_word' id='word_1_272' title='bbox 917 3674 1065 3737; x_wconf 83' lang='lat' dir='ltr'>dostores</span> 
     </span>
     <span class='ocr_line' id='line_1_42' title="bbox 158 3756 1065 3839; baseline -0.002 -20"><span class='ocrx_word' id='word_1_273' title='bbox 158 3756 260 3838; x_wconf 77' lang='lat' dir='ltr'>dieunt,</span> <span class='ocrx_word' id='word_1_274' title='bbox 281 3759 364 3839; x_wconf 84' lang='lat' dir='ltr'>qnod</span> <span class='ocrx_word' id='word_1_275' title='bbox 376 3759 568 3824; x_wconf 68' lang='lat' dir='ltr'>christianus</span> <span class='ocrx_word' id='word_1_276' title='bbox 590 3760 718 3838; x_wconf 82' lang='lat' dir='ltr'>quilibet</span> <span class='ocrx_word' id='word_1_277' title='bbox 734 3760 773 3819; x_wconf 87' lang='lat' dir='ltr'>sit</span> <span class='ocrx_word' id='word_1_278' title='bbox 793 3758 971 3837; x_wconf 82' lang='lat' dir='ltr'>ditissimus,</span> <span class='ocrx_word' id='word_1_279' title='bbox 993 3759 1065 3836; x_wconf 86' lang='lat' dir='ltr'>quia</span> 
     </span>
     <span class='ocr_line' id='line_1_43' title="bbox 159 3839 1062 3922; baseline -0.003 -21"><span class='ocrx_word' id='word_1_280' title='bbox 159 3859 206 3919; x_wconf 86' lang='lat' dir='ltr'>per</span> <span class='ocrx_word' id='word_1_281' title='bbox 225 3851 350 3904; x_wconf 87' lang='lat' dir='ltr'>mortem</span> <span class='ocrx_word' id='word_1_282' title='bbox 373 3843 578 3904; x_wconf 87' lang='lat' dir='ltr'>voluntariam</span> <span class='ocrx_word' id='word_1_283' title='bbox 600 3850 703 3922; x_wconf 90' lang='lat' dir='ltr'>potest</span> <span class='ocrx_word' id='word_1_284' title='bbox 732 3841 836 3902; x_wconf 89' lang='lat' dir='ltr'>omnia</span> <span class='ocrx_word' id='word_1_285' title='bbox 855 3839 1000 3920; x_wconf 74' lang='lat' dir='ltr'>solvero,</span> <span class='ocrx_word' id='word_1_286' title='bbox 1031 3847 1062 3898; x_wconf 84' lang='lat' dir='ltr'>et</span> 
     </span>
    </p>
   </div>
   <div class='ocr_carea' id='block_1_3' title="bbox 778 3956 854 4021">
    <p class='ocr_par' dir='ltr' id='par_1_8' title="bbox 778 3956 854 4021">
     <span class='ocr_line' id='line_1_44' title="bbox 778 3956 854 4021; baseline -0.013 0"><span class='ocrx_word' id='word_1_287' title='bbox 778 3956 854 4021; x_wconf 82' lang='lat' dir='ltr'>tt·</span> 
     </span>
    </p>
   </div>
   <div class='ocr_carea' id='block_1_4' title="bbox 0 0 1304 4300">
    <p class='ocr_par' dir='ltr' id='par_1_9' title="bbox 0 0 1304 4300">
     <span class='ocr_line' id='line_1_45' title="bbox 0 0 1304 4300; baseline 0 0"><span class='ocrx_word' id='word_1_288' title='bbox 0 0 1304 4300; x_wconf 95' lang='lat' dir='ltr'> </span> 
     </span>
    </p>
   </div>
  </div>
 </body>
</html>
