2600 4300
218 294 283 364 260
470 298 665 357 mmmm
682 298 792 374 Disput.
813 298 890 353 tuo.

218 486 309 609 ζουσι,
336 466 419 547 quod
441 469 540 548 magis
560 470 742 549 moerente
762 468 847 547 Deo,
877 485 969 547 quam
991 464 1139 546 implente

240 567 351 610 omine.

300 632 427 713 Quarto,
448 633 530 696 idem
543 633 693 695 confess.
715 636 749 698 9:
788 632 854 693 Vae
874 633 1034 693 bominum
1057 632 1138 691 vitae

217 725 486 797 quantumcunque
507 716 663 793 laudabili,
687 718 712 777 si
734 725 853 777 remota
868 714 1077 777 miseridordia
1095 715 1138 773 iu·

217 796 342 859 dicatur.
378 798 462 861 Eone
483 802 574 860 etiam
596 802 695 860 saneti
717 799 855 879 indigent
875 796 1086 859 misericordia
1108 800 1138 857 in

217 888 284 947 tnta
305 884 368 945 rita
389 902 454 946 sna.
498 883 547 943 Ad
569 883 651 962 qnod
674 882 748 943 illud
766 879 883 965 lob*):
925 880 958 943 Si
979 882 1073 943 etiam
1096 881 1140 939 iu·

217 975 297 1031 stum
320 967 477 1047 quippiam
498 966 645 1044 habuero,
667 967 798 1027 iudicem
822 984 921 1027 meum
936 962 1138 1045 depmaabor.

217 1046 381 1129 Quomodo
402 1068 479 1129 ergo
501 1048 691 1129 superfluunt
712 1048 794 1125 aliis,
817 1048 870 1127 qui
890 1046 949 1109 sibi
969 1066 1033 1109 non
1055 1044 1140 1107 suffi-

219 1130 323 1193 aiunt?

299 1213 413 1289 Quinto
436 1214 470 1277 B.
488 1215 678 1295 Augustinus
701 1214 753 1292 lib.
776 1216 795 1277 2
817 1213 964 1276 adversus
987 1212 1139 1273 lulianum

215 1296 332 1357 inducit
352 1297 459 1359 decern
481 1300 625 1377 antiquos
655 1306 757 1376 patres
787 1296 1033 1375 ecelesiastioos,
1060 1294 1140 1375 puta

215 1378 378 1458 Hilarium,
416 1380 622 1460 cyprianum,
655 1379 992 1461 (tragurium-Nauem,
1025 1378 1138 1439 lohan.

216 1461 482 1544 Chrysostomum,
504 1462 711 1541 Ambrosium,
732 1462 934 1540 Hirenaeum,
957 1462 1139 1541 Olympum,

215 1546 405 1624 Rethieiuru,
432 1546 646 1607 innocentium
668 1547 697 1605 in
722 1546 853 1607 eandem
874 1546 1075 1621 sententiam,
1107 1552 1140 1603 et

214 1627 335 1690 illorum
358 1631 522 1691 autoritate
544 1630 663 1708 nititur,
693 1628 827 1709 probans
854 1628 970 1689 nullum
992 1635 1137 1689 sanetum

214 1712 245 1771 in
283 1711 342 1772 hae
379 1713 442 1773 vita
476 1713 541 1772 sine
573 1718 704 1791 peooatn
736 1730 823 1788 esse,
856 1710 1024 1773 seeundum
1057 1708 1136 1771 illud

216 1799 230 1857 1
255 1793 364 1857 lotan.
388 1798 421 1858 1:
464 1794 498 1855 Si
520 1794 696 1873 dixerimus,
718 1796 789 1874 quia
811 1802 971 1874 pennatum
993 1810 1057 1855 non
1081 1792 1137 1853 ha·

216 1876 322 1937 bernus
343 1885 402 1938 ete.
444 1877 485 1937 lit
505 1879 536 1938 in
557 1877 727 1939 denatura
749 1884 781 1938 et
801 1878 900 1957 gratia
920 1876 1012 1937 idem.

283 1959 344 2025 ‘Ex
365 1959 475 2039 quibus
496 1969 528 2021 et
549 1960 651 2021 multis
673 1960 757 2032 eliis,
789 1980 869 2039 quae
894 1960 1021 2040 longum
1039 1965 1137 2019 esset

214 2041 266 2103 hio
285 2062 421 2119 narrar-a,
443 2043 605 2117 oonoludo,
629 2045 737 2104 merita
758 2051 932 2113 sanatorum
956 2041 1041 2103 nulla
1063 2060 1136 2103 esse

215 2125 370 2208 superflua
390 2125 458 2204 sibi,
480 2145 559 2206 quae
582 2125 673 2188 nobis
694 2127 805 2188 otiosis
829 2132 1017 2190 succurrant.
1202 2132 1203 2139 ’

295 2210 337 2271 Et
357 2210 576 2290 utaliquando
598 2209 701 2270 audax
723 2212 790 2288 sim,
813 2230 851 2271 ea
873 2229 951 2290 quae
972 2210 1035 2270 iam
1059 2207 1155 2287 dixi,-

118 2295 122 2308 '
215 2300 379 2372 protestor,
401 2313 451 2354 me
471 2313 535 2354 non
557 2292 705 2370 dubitare,
728 2293 782 2354 sed
804 2302 928 2374 paratus
946 2311 1012 2352 snm
1029 2293 1134 2372 ignem

216 2384 248 2436 et
266 2385 397 2438 mortem
418 2378 576 2457 suscipere
587 2395 643 2456 pro
658 2376 729 2455 illis,
751 2383 783 2438 et
793 2377 981 2437 haereticum
995 2393 1134 2435 asseram

216 2477 349 2537 omnem,
371 2461 423 2539 qui
444 2467 553 2520 onnus
573 2460 718 2537 sapuerit.
1045 2463 1065 2505 ⁸

296 2542 412 2602 Tamen
434 2562 490 2623 per
509 2541 701 2623 impossibile
723 2541 929 2622 admittendo,
954 2539 1039 2622 quod
1060 2559 1135 2600 vere

215 2624 437 2704 superfluerent
457 2628 565 2686 merita
586 2626 710 2702 sanetis,
733 2625 850 2738 nepoio,
872 2626 897 2684 si
913 2627 988 2685 satis
1005 2623 1133 2704 dignum

216 2727 293 2789 opus
314 2707 402 2769 lieret
423 2708 462 2769 ab
477 2709 625 2785 eeclesia,
648 2714 763 2770 uttam
788 2708 925 2788 pretiosa
946 2707 1056 2768 merita
1071 2713 1134 2767 tam

216 2791 316 2851 viliter
337 2791 536 2872 expenderet,
557 2791 676 2852 scilieet
695 2811 751 2871 pro
774 2791 931 2852 solutione
951 2808 1133 2870 poenarum,

216 2891 284 2934 oum
305 2875 419 2936 solutio
440 2893 563 2954 poenae
583 2875 623 2936 sit
645 2875 825 2935 vilissimum
838 2873 952 2934 donum
971 2873 1134 2950 ecelesiae,

216 2964 248 3017 et
268 2957 421 3018 vilissimis
442 2956 603 3035 donabile,
637 2964 671 3018 ut
691 2958 751 3018 iam
774 2956 1013 3038 saepedietam.
1056 2955 1134 3016 Mar·

187 3051 193 3056 '
215 3047 314 3120 tyrum
335 3047 438 3102 autem
459 3047 492 3102 et
512 3047 687 3103 sanatorum
711 3059 831 3121 poenae
854 3039 967 3101 debent
988 3057 1059 3100 esee
1080 3057 1134 3119 po-

215 3126 274 3184 tins
301 3124 478 3205 exemplum
508 3123 702 3185 ferendarum
736 3142 914 3203 poenarum.
971 3122 1023 3182 Sie
1051 3122 1134 3182 enim

216 3226 355 3268 oramus:
398 3205 534 3282 Quorum
556 3207 635 3268 festa
662 3207 807 3284 nolimus,
839 3208 982 3267 virtutem
1009 3223 1134 3286 qnoque

215 3292 368 3370 passionis
389 3291 551 3352 imitemur.
783 3319 786 3327 Α
1141 3327 1146 3334 -

296 3375 384 3450 ltem,
405 3391 464 3432 neo
484 3372 618 3434 ecelesia
635 3379 732 3433 mater
748 3379 821 3433 tune
833 3370 953 3432 videtur
966 3372 1017 3452 pie
1030 3389 1134 3451 agere,

217 3456 340 3532 quaudo
361 3455 491 3530 relaxat,
514 3455 568 3514 sed
590 3455 714 3534 quando
736 3457 868 3536 castigat
888 3462 919 3515 et
940 3459 1080 3529 oneroet,
1101 3459 1135 3512 ut
1202 3479 1203 3482 ¹

216 3543 301 3612 patet
321 3539 353 3596 in
371 3538 741 3599 excommunicationibus
759 3538 950 3616 attenuaris,
972 3555 1049 3616 quas
1060 3553 1134 3616 poe-

218 3634 272 3674 nas
293 3620 397 3697 utique
417 3638 480 3680 non
502 3619 631 3698 relaxat,
654 3619 708 3681 ssd
730 3622 833 3701 potius
854 3621 954 3699 infert,
978 3629 1051 3681 tuno
1072 3637 1134 3678 ma·

424 3740 629 3752 ——an—-h

290 3789 319 3856 ')
339 3791 397 3845 lob.
414 3794 440 3849 9.
