2600 4300
226 327 290 397 1‘18
472 328 668 384 Maleficum
687 324 794 395 Dirpat·
816 324 894 377 bath.

311 500 413 563 Primo
445 505 555 561 onnes
583 496 759 559 mneedunt
783 494 921 557 casdem
942 509 1010 579 essp
1032 510 1148 575 poenes

228 585 399 666 purgatorii
419 590 451 644 et
470 580 619 663 inlerni¹)
642 582 700 641 uisi
711 578 795 660 quod
807 578 949 639 differunt
961 578 1149 639 aeternitate.

230 668 271 731 st
298 668 450 747 scriptura
478 665 623 727 describit
648 682 765 745 poenas
786 662 894 723 interni
916 677 986 721 esse
1006 659 1150 721 turbatio·

229 769 309 827 uem,
331 768 491 833 perorem,
511 749 685 825 horrorem,
707 747 828 827 lugan,
849 752 884 805 ut
903 744 984 805 Psel.
1008 748 1046 806 1:
1083 742 1150 802 lion

230 834 275 893 sic
297 834 382 913 impii
405 834 543 910 nonnis,
565 830 788 909 sedtanuam
811 828 927 909 puluis,
951 844 1042 907 quem
1066 826 1152 905 proii-

231 918 273 977 cit
294 925 412 976 ventus.
454 915 515 976 Sed
538 922 569 974 et
589 915 621 973 in
642 912 703 975 lob
726 922 757 973 et
777 912 887 990 Esaia,
909 917 940 971 et
961 910 1067 971 multis
1089 908 1153 968 aliis

232 999 309 1059 locis
331 999 417 1078 impii
439 1005 657 1078 comparantur
679 996 810 1081 stipulae
833 1000 863 1056 et
883 994 1013 1074 pulveri,
1037 990 1154 1053 turbine

231 1083 326 1161 raptis
355 1091 446 1160 atque
481 1080 636 1161 dispersis.
690 1078 726 1139 In
754 1097 815 1157 quo
838 1077 978 1137 nimirum
1004 1073 1157 1157 significat

231 1165 336 1244 iugem
358 1163 533 1225 horribilem
555 1162 779 1222 damnatorum,
821 1160 896 1221 Item
906 1158 1039 1223 Pesla:
1073 1158 1157 1217 ‘lune

231 1247 375 1326 loquetur
394 1246 434 1307 ad
453 1265 510 1307 eos
531 1247 563 1305 in
582 1247 629 1307 irs
649 1264 715 1323 sua,
738 1245 819 1304 etin
840 1243 942 1303 furore
964 1262 1021 1303 suo
1038 1248 1158 1303 contur-

233 1330 319 1391 babit
347 1348 412 1390 sos.
465 1330 505 1389 Et
532 1328 604 1389 lisa.
631 1329 686 1392 28:
736 1326 796 1403 Qui
818 1324 984 1405 conlidit2)
1008 1327 1040 1389 in
1065 1324 1158 1401 illum,

235 1430 300 1473 non
321 1412 534 1489 confundetur,-
554 1410 659 1491 idest,
680 1428 742 1471 non
757 1408 921 1488 festinabit,
943 1428 1006 1471 nou
1023 1407 1158 1489 pavebit,

235 1514 336 1575 neque
366 1495 464 1576 lugiet
498 1494 643 1555 confusus
672 1502 705 1555 et
730 1493 875 1573 horrens,
912 1494 1017 1573 ntique
1041 1490 1158 1565 volens,

235 1579 321 1659 qnod
354 1598 417 1641 non
450 1577 640 1650 continentes
673 1576 897 1638 contundentur
929 1585 960 1638 ct
991 1567 1159 1657 pavebunt.

236 1661 379 1722 Proverb.
410 1666 447 1725 l:
502 1660 561 1736 Qui
591 1680 640 1721 me
662 1660 807 1744 audierit,
833 1660 951 1741 absque
979 1668 1098 1721 terrore
1120 1676 1162 1715 re

236 1746 384 1825 quiescet,
405 1753 436 1805 et
457 1743 644 1804 abnndantia
665 1742 849 1825 perfruetur,
878 1744 987 1805 timore
1005 1742 1161 1811 ¹malornm

237 1828 376 1971 snbpqto,
405 1835 438 1889 et
461 1827 542 1890 Psnl.
566 1825 694 1902 112.⁸):
737 1826 786 1887 Ab
815 1827 972 1889 auditione
995 1825 1081 1887 male
1102 1842 1160 1883 non

237 1914 291 1972 tim
331 1912 363 1972 it
612 1966 616 1974 .

319 1993 375 2054 llis
396 1994 476 2054 enim
497 2001 531 2054 et
550 1992 618 2053 aliis
631 1992 707 2054 locis
724 1992 893 2074 scripturae
914 1999 1022 2071 terror,
1044 1991 1162 2067 homer,

238 2096 352 2160 pavor,
384 2078 489 2149 timor,
512 2083 627 2137 tremor
656 2076 834 2157 expuimitur
860 2094 962 2158 poene
988 2074 1164 2156 impiorum,

239 2162 363 2242 qnando
392 2163 513 2241 piorum
534 2161 698 2220 contrarie
725 2163 840 2222 asserit.
888 2161 1029 2239 Denique
1063 2163 1097 2218 el
1124 2156 1164 2216 Β.

240 2245 349 2306 Jacob.
372 2241 508 2325 diditi),
535 2242 618 2322 qnod
645 2243 814 2309 doemones
844 2243 971 2308 credunt
994 2252 1024 2302 et
1045 2247 1164 2302 contre·

242 2327 383 2388 miscunt
427 2327 467 2386 lit
496 2327 583 2386 Dent
613 2329 663 2396 32.
692 2325 774 2387 class
805 2327 1003 2407 pronunciet,
1029 2341 1166 2406 poenam

241 2412 326 2494 impii
347 2429 417 2477 esse
436 2427 583 2490 pavorem
606 2409 726 2469 moene:
750 2409 839 2473 Dabit
848 2409 902 2471 tibi
916 2410 1066 2471 Dominus
1082 2407 1165 2466 Deus

244 2513 299 2555 eor
319 2493 464 2574 pavidum
485 2499 544 2554 eto.
576 2492 655 2557 Nem
670 2494 698 2552 si
719 2511 819 2573 pavor
837 2493 888 2554 ille
909 2511 970 2557 nou
994 2499 1088 2569 esset,
1111 2506 1166 2548 nec

245 2593 343 2654 mors,
362 2595 426 2636 nec
453 2576 604 2652 infernus,
631 2575 691 2636 uec
717 2576 779 2636 ulls
800 2593 903 2656 poene
923 2583 1006 2636 esset
1026 2573 1165 2634 molesta.

247 2659 333 2721 Sicut
354 2661 397 2718 nit
423 2660 454 2718 in
476 2657 695 2734 Gentiois**):
738 2659 836 2720 Fortis
864 2667 897 2719 ut
918 2674 1000 2720 mors
1032 2656 1166 2731 dilectio,

246 2741 322 2804 dura
340 2743 422 2801 sicut
441 2741 576 2802 infernus
598 2741 774 2804 aemulatio.
808 2741 898 2818 Quod
915 2743 1165 2803 sanisnstensum

246 2828 294 2885 est
312 2826 345 2884 iu
366 2823 548 2904 martyribus
575 2824 671 2901 adeo,
693 2832 726 2883 ut
752 2825 790 2885 de
817 2827 918 2906 impiis
941 2823 1022 2885 dicet
1044 2823 1166 2903 spiritus

246 2907 326 2967 Psel.
349 2905 446 2976 ll⁴lz
468 2907 533 2967 lllio
554 2908 783 2987 trepidaverunt
804 2909 927 2985 timore,
956 2907 1007 2966 ubi
1029 2909 1093 2965 nori
1115 2904 1168 2963 luit

247 2991 353 3069 timor,
374 2997 407 3050 et
427 2989 571 3064 Provetb.
594 2991 661 3053 28..·
683 2990 770 3072 lingit
791 2992 903 3072 impius
926 2990 1048 3052 nemine
1068 3005 1168 3068 perec-

249 3080 372 3152 qnente.
413 3072 518 3132 duatus
541 3082 654 3144 antem,
676 3075 763 3152 quasi
784 3074 835 3134 leo
857 3072 1031 3149 confidens,
1053 3071 1168 3148 absque

248 3164 365 3217 terrore
386 3157 451 3217 erit.
496 3155 661 3234 Alioquin,
690 3174 744 3216 cnr
772 3175 848 3217 uuus
877 3157 963 3216 timet
989 3157 1168 3216 mentemst

201 3250 206 3259 “
250 3239 343 3316 dolet,
367 3238 444 3298 elius
467 3257 540 3298 vero
564 3240 741 3316 contemnit,
764 3241 820 3299 nisi
843 3239 915 3319 quin
933 3240 1016 3298 intus
1038 3235 1167 3296 iustitiae

250 3321 363 3384 fiducia
384 3321 546 3381 destitutus
568 3321 663 3396 timet,
687 3322 737 3382 ubi
760 3324 866 3382 timere
886 3339 949 3382 non
972 3319 1072 3381 debet.

333 3403 493 3482 Secundo,
515 3405 537 3466 2
556 3403 665 3464 Thess.
688 3407 725 3466 l:
768 3405 828 3482 Qui
849 3423 910 3466 nnn
933 3403 1062 3466 orednnt
1082 3419 1168 3462 even-

186 3660 190 3665 ·
260 3685 276 3695 '⁴
292 3674 340 3744 ’1)
354 3678 392 3762 ,¹¹¹
412 3680 531 3734 edJen.
551 3656 691 3735 addrtnm'l
715 3665 784 3738 esse.
815 3681 854 3762 ’2)
873 3672 971 3736 Ιιιόᾶζ
983 3645 1091 3762 prlnc.:
1111 3697 1168 3735 cou-

255 3738 349 3798 luunt.
370 3750 418 3815 ·3)
436 3752 519 3808 lota:
535 3753 598 3807 tlt.
615 3768 618 3776 '
635 3753 668 3819 d)
679 3754 718 3806 ‘In
737 3755 778 3808 edi
799 3757 901 3822 princ:
920 3753 962 3812 td
1025 3756 1028 3768 '

310 3818 490 3882 miscent.
529 3824 575 3890 Ι·)
595 3823 661 3876 Cen.
680 3826 706 3881 8.
913 3855 920 3870 ·
1156 3839 1159 3853 ·
