2600 4300
277 333 296 433 ’,
340 357 466 432 nprsou
483 359 664 417 uasmrnsn
683 362 719 419 so
737 362 857 417 mons-
877 362 909 418 r.
1018 359 1081 425 noo

146 526 274 589 silicnsi
297 533 387 610 1520,
408 539 501 612 utque
519 534 663 613 lenonem
691 534 871 613 (praeinter
892 532 948 595 hus
971 530 1077 595 editio-

145 629 203 671 nes
227 612 376 677 different
396 618 479 679 notis
498 616 712 679 indicavimus.
826 646 829 653 ·

181 824 394 946 Epistola
429 828 716 1065 Impfflplgitsl
758 755 1043 927 lduximilioni

190 1130 322 1191 misse
363 1150 408 1191 ex
441 1140 637 1210 conventu
666 1134 901 1213 Au'gusteno
929 1100 1059 1191 Anno¹

188 1212 392 1275 MDXVIll
419 1214 465 1275 de
497 1214 786 1277 controversiis
807 1214 963 1275 Lutlneri
990 1212 1036 1275 ed

260 1296 426 1358 Leonem
448 1299 476 1359 X
499 1298 735 1360 Pontificem
762 1299 980 1361 Romanum.
1058 1322 1074 1361 ·.

235 1452 421 1513 Beatissime
441 1454 551 1527 Peter,
580 1454 714 1515 Domine
735 1452 1006 1531 reverendissime,
1029 1470 1076 1513 oc

145 1534 294 1615 cepimus
316 1554 380 1595 non
402 1535 482 1597 odeo
506 1538 619 1597 multos
640 1545 712 1599 ente
735 1536 811 1615 dies,
833 1534 986 1615 quendem
1007 1534 1078 1597 Fre·
1197 1594 1201 1603 .

146 1624 230 1677 trem
255 1619 521 1698 Augustiuisnum,
542 1620 889 1697 Marnnumturherum,
912 1616 1076 1680 nonnullus

147 1699 381 1761 Conclusiones
401 1703 433 1761 in
456 1704 584 1763 muteris
605 1703 866 1783 indulgentiarum
890 1700 1075 1763 scholastico

147 1802 241 1844 more
263 1784 469 1845 discutiendos
492 1785 711 1847 disseminasse
733 1805 790 1849 neo
812 1805 874 1845 non
900 1786 931 1845 in
953 1785 1076 1845 concio-

148 1866 244 1927 nibus
275 1869 338 1927 suis
362 1875 393 1927 et
415 1887 453 1927 ea
472 1868 515 1928 de
532 1888 568 1929 re
589 1878 621 1929 et
642 1870 680 1931 de
702 1870 731 1929 vi
755 1868 992 1948 upostolicerum
1015 1866 1074 1941 Ex-

148 1952 467 2011 communicotionum
487 1952 619 2030 plurimu
638 1952 791 2027 docuisse,
812 1952 842 2013 in
863 1950 970 2029 quibus
993 1950 1076 2011 dem·

148 2052 232 2095 noso
254 2043 287 2094 et
306 2034 461 2095 haeretios
481 2035 630 2114 pleraque
642 2034 811 2110 videantur,
833 2042 972 2113 etqueee
993 2052 1076 2096 nunc

148 2136 205 2196 per
217 2116 398 2197 Magistrum
421 2119 502 2178 sueri
522 2120 614 2179 vestri
637 2118 742 2198 pelotii
765 2125 872 2178 notate
888 2136 966 2179 esse.
988 2114 1074 2192 Quae

147 2220 197 2260 res
222 2199 315 2262 nobis
337 2220 376 2262 eo
400 2203 497 2282 magis
515 2202 682 2281 displicuit,
705 2221 765 2281 quo
778 2202 962 2282 pertinacius
974 2199 1073 2260 dictus

148 2283 278 2359 Frater,
300 2289 333 2343 ut
354 2284 457 2344 edocti
478 2305 605 2363 sumus,
639 2285 797 2346 doctrinae
818 2303 893 2344 sose
914 2283 1073 2350 inhaerere

148 2368 244 2446 etque
265 2367 441 2446 complures
464 2387 600 2428 errorum
621 2387 746 2430 suorum
771 2367 948 2428 defensores
970 2372 1002 2428 et
1021 2385 1074 2446 pe

149 2457 270 2528 tronos,
293 2451 385 2510 etiem
408 2457 561 2530 potentes,
582 2457 767 2512 consecutus
790 2470 858 2512 esse
880 2449 996 2511 dicitur.

211 2529 332 2593 Veruni
358 2552 427 2593 cum
448 2540 610 2613 suspectae
631 2535 820 2597 assertiones
849 2539 887 2596 et
900 2532 1074 2613 periculose

149 2615 300 2697 dogmata
326 2635 345 2675 n
365 2618 489 2677 nemine
509 2617 635 2693 melius,
657 2618 768 2678 rectius
791 2623 822 2681 et
842 2617 943 2678 verius
966 2614 1071 2684 diiudi-

149 2702 213 2760 oori
232 2707 369 2779 ouant,
392 2714 483 2779 quem
505 2720 525 2760 n
546 2699 740 2762 Restitudine
760 2705 871 2778 vestre,
895 2718 974 2778 quee
995 2699 1073 2778 sole,

150 2791 183 2843 ut
202 2788 324 2863 potest,
345 2783 390 2844 ito
410 2783 521 2861 debet,
543 2803 690 2846 venerum
712 2784 945 2866 quaestionum„
972 2782 1073 2864 sophi·

150 2867 294 2926 micorum
317 2868 480 2944 rationum,
501 2873 535 2926 et
554 2866 752 2928 verbosarum
768 2867 999 2940 contentionum
1021 2885 1071 2926 eu·

151 2956 234 3010 tores
258 2968 477 3029 compescere,
506 2950 614 3028 quibus
636 2950 863 3030 pestilentiores
886 2949 1070 3013 christianae
1121 2994 1124 3002 f

149 3033 259 3112 pietati
281 3032 358 3092 nolli
380 3033 583 3113 contigerunt,
604 3034 665 3094 huc
686 3039 803 3096 tontum
826 3038 1017 3112 spectentes,
1040 3039 1072 3092 ut

150 3115 233 3194 quod
255 3117 315 3197 ipsi
337 3115 528 3194 didicerunt,
562 3116 594 3176 id
615 3116 715 3176 solum
738 3115 887 3182 habeatur
907 3117 939 3177 in
961 3116 1071 3196 pretio,

151 3201 235 3280 quod
263 3200 432 3281 praesentis
454 3199 550 3260 seculi
579 3205 612 3260 et
630 3198 828 3262 eruditiorum
841 3217 1017 3268 ,consensus
1040 3204 1071 3258 et

151 3286 201 3364 pie
222 3292 316 3345 antee
336 3285 367 3343 in
389 3283 510 3351 Christo
532 3281 743 3343 detunctorum
766 3281 896 3342 candide
918 3287 949 3344 et
970 3279 1070 3344 solide

152 3367 292 3430 doctrine
312 3366 503 3446 comprobet.

232 3451 344 3512 Exstat
363 3456 573 3530 pervetustum
593 3449 745 3510 Pontifioii
768 3454 891 3509 senatus
914 3445 1069 3508 decretum

154 3534 190 3597 de
218 3533 440 3596 constituendis
466 3532 668 3612 Ductoribus,
698 3533 728 3592 in
757 3550 817 3611 quo
841 3530 879 3590 de
901 3529 1070 3610 sophistice

153 3637 300 3698 nusquam
322 3635 456 3695 unquam
478 3617 639 3695 quicquum
663 3621 785 3674 cautum
807 3620 875 3686 est,
907 3613 964 3672 nisi
987 3611 1068 3692 qnod

154 3703 211 3762 iste
229 3703 262 3761 in
283 3701 421 3760 Decretis
442 3706 591 3759 vocentur
610 3699 642 3757 in
677 3696 818 3773 dubium,
840 3701 939 3755 utrum
959 3695 1005 3754 ses
1029 3696 1068 3754 sit

157 3803 190 3844 ee
211 3784 329 3844 discere
350 3801 459 3860 neone,
481 3788 574 3860 etque
589 3780 699 3841 horum
723 3777 855 3838 studium
876 3797 896 3838 e
916 3777 1068 3862 multiset

155 3868 270 3950 mugnis
292 3864 447 3929 sutoribus
468 3863 667 3945 improbetur.
