2600 4300
226 311 279 384 ot
488 315 645 390 mmo
662 315 698 376 u.
714 267 792 376 unt.
811 317 922 400 nasu

237 487 321 554 Molo
343 507 413 550 esse
446 508 466 550 a
492 494 524 550 te
545 494 577 550 et
598 488 747 559 similibus
772 490 818 567 (si
839 491 883 552 ita
903 491 1041 570 perstes)
1062 487 1159 548 male·

237 572 337 634 dictus
358 578 391 631 et
411 574 709 652 excommunicatus,
734 591 826 651 quam
847 579 947 634 tecum
970 571 1159 646 benedictus.

237 654 321 715 Nihil
342 653 442 716 habeo
466 655 548 733 quod
570 657 687 736 possim
701 656 838 735 perdere,
862 656 984 716 Domini
999 675 1061 735 ego
1084 673 1157 730 sum,

238 739 266 800 si
287 737 409 816 perdor,
429 738 564 800 Domino
587 738 710 818 perdor,
731 738 762 800 id
787 745 843 814 cst,
864 739 1014 801 invenior.
1061 737 1160 797 Alium

239 840 314 902 crgo
336 840 459 899 quaere,
482 840 572 899 quem
594 830 720 884 terreas,

321 903 371 963 Ad
392 905 676 984 quinquagesimam
706 904 826 964 tertiam
853 903 979 964 stultum
1002 910 1034 964 et
1055 902 1160 962 ridicu-

239 987 303 1050 lum
323 1007 374 1047 me
395 1006 501 1063 vocas,
523 989 643 1048 interim
667 993 699 1048 tu
712 987 834 1066 sapiens
853 986 936 1055 dicis,
959 985 1070 1047 crebra
1090 987 1161 1044 raris

239 1069 366 1146 cedere,
389 1076 421 1130 et
440 1070 565 1130 annalia
584 1070 663 1130 festa
685 1075 860 1130 sanctorum
889 1069 1066 1132 celebriora
1088 1087 1161 1145 esse,

240 1171 333 1233 quam
359 1152 519 1214 sabbatum
541 1153 678 1233 Virginis
702 1153 814 1214 matris.
895 1213 907 1230 ‚

321 1235 524 1315 Respondeo:
548 1234 635 1311 Quo,
657 1254 734 1313 quo,
757 1236 797 1294 mi
819 1235 929 1294 Pater?
958 1234 1022 1294 Aut
1044 1233 1161 1313 pluvius

241 1317 422 1380 describitur
443 1337 550 1394 arcus,
580 1325 633 1378 aut
662 1317 775 1378 flumen
797 1317 962 1394 Rhenum,
992 1317 1050 1378 sed
1086 1335 1163 1376 nunc
1193 1331 1194 1338 ¹

241 1422 304 1462 nou
326 1408 394 1462 erat
414 1403 451 1460 iis
465 1402 493 1477 ¹)
517 1401 614 1462 locus.
653 1401 793 1470 Primum,
814 1420 877 1460 uon
901 1407 972 1460 suut
992 1418 1065 1460 rara
1086 1397 1162 1478 apud

240 1503 309 1561 nos,
331 1484 387 1544 sed
409 1486 555 1545 continua
575 1483 835 1564 indulgentiarum
856 1484 992 1563 negotia.
1036 1481 1162 1556 Deinde,

241 1587 321 1647 quae
341 1569 518 1648 proportio,
541 1573 574 1626 ut
595 1566 721 1628 verbum
743 1567 818 1642 nei,
842 1565 923 1644 quod
945 1565 1164 1625 instantissime

241 1652 400 1730 praecepit
423 1650 559 1710 Christus
581 1649 768 1729 praedicari,
799 1650 890 1708 cedat
909 1649 985 1710 raris
1007 1647 1163 1726 indulgeu-
1193 1689 1194 1694 η

240 1734 312 1794 tiis?
341 1733 374 1794 Si
396 1733 533 1793 Christus
553 1733 597 1792 ita
617 1752 681 1792 nou
701 1732 851 1806 iussisset,
874 1738 970 1792 staret
990 1737 1045 1790 tna
1068 1730 1163 1790 simili-

243 1815 328 1876 tudo.
372 1816 448 1876 Item
471 1834 535 1875 uon
557 1821 661 1895 potest
682 1835 764 1895 papa
784 1813 890 1876 iubere
905 1815 1067 1874 silentium
1086 1812 1162 1874 verbi

242 1899 315 1975 Dei,
351 1898 434 1977 quod
457 1898 555 1960 seruel
578 1899 724 1958 emissum
746 1915 809 1956 non
832 1905 881 1958 est
900 1897 1098 1977 alligatum„
1115 1895 1162 1954 sed
1192 1957 1194 1974 ⁴

241 2001 301 2042 uec
321 1982 435 2042 fectum
457 2001 477 2041 o
497 1999 579 2060 papa
601 1999 735 2059 unquam
759 1980 829 2058 legi.

323 2064 382 2124 Per
401 2064 482 2124 idem
504 2062 681 2142 respondeo
712 2062 751 2124 ad
780 2063 936 2140 sequentis
958 2061 1162 2124 conclusionis

171 2169 173 2178 ‘
240 2147 356 2210 futilem
395 2147 654 2225 confutationem,
702 2144 752 2206 ubi
796 2154 827 2205 tu
860 2165 1036 2207 sermonem
1069 2145 1162 2205 venia-

241 2252 307 2293 rum
331 2251 400 2298 esse
422 2230 547 2291 verbnm
561 2230 620 2290 Dei
641 2228 811 2296 contendis,
836 2228 891 2288 sed
913 2230 1092 2309 improprie,
1113 2228 1161 2289 sci·

240 2315 315 2375 licet
342 2334 412 2373 cum
448 2312 659 2373 declaratoriis
689 2318 720 2373 et
741 2312 927 2373 hortatoriis.
980 2311 1012 2373 Si
1042 2310 1161 2373 verbum

241 2398 300 2459 Dei
321 2396 441 2475 dicitur,
463 2394 607 2475 quicquid
627 2414 696 2455 cum
718 2392 813 2455 verbo
835 2394 892 2455 Dei
914 2394 1038 2464 dicitur,
1063 2412 1161 2455 omues

242 2480 400 2558 haeretici,
422 2498 530 2539 omues
554 2477 733 2554 daemones,
756 2495 864 2537 omues
878 2478 1021 2538 homiues
1045 2476 1162 2537 uculo

244 2568 376 2641 quuutur
397 2563 456 2622 uisi
478 2560 603 2621 verbum
626 2560 701 2637 uei,
737 2560 809 2638 quia
840 2560 916 2619 nihil
946 2564 1007 2619 tam
1037 2558 1162 2621 absurde

244 2645 305 2705 dici
326 2650 446 2724 potest,
474 2645 546 2722 quin
569 2642 696 2705 verbum
719 2642 780 2702 Dei
803 2643 924 2703 misceri
946 2643 1057 2722 possit
1099 2642 1161 2721 Ego

244 2728 325 2804 dico,
349 2727 433 2807 quod
456 2728 496 2787 sit
516 2725 643 2787 verbum
661 2726 793 2785 hominis
817 2733 848 2785 et
869 2725 1103 2785 deremissioue
1116 2724 1163 2783 ho-

244 2812 334 2871 minis
354 2810 525 2891 prolatum,
558 2809 631 2887 quia
662 2807 790 2867 verbum
811 2808 869 2869 Dei
899 2816 963 2891 est,
997 2808 1082 2887 quod
1110 2806 1162 2867 ilde

243 2892 389 2953 iustificat
411 2913 465 2954 cor
485 2900 516 2953 et
538 2893 668 2973 grat-iam
690 2890 906 2951 iustificantem
929 2892 1065 2968 confert,
1094 2892 1163 2951 sicut

245 2976 354 3036 Roma.
380 2980 412 3038 1:
434 2976 539 3046 Virtus
559 2975 618 3034 Dei
641 2979 689 3034 est
709 2974 741 3036 iu
765 2975 894 3033 salutem
918 2976 1002 3035 omui
1024 2974 1161 3035 credenti.

245 3058 381 3119 Verbum
421 3065 524 3119 autem
560 3058 717 3117 veniarum
750 3076 812 3116 non
845 3056 1006 3134 iustificat,
1028 3058 1162 3135 nihilque

247 3141 369 3203 confert
396 3143 535 3217 animae,
564 3141 623 3199 nisi
644 3138 728 3217 quod
750 3138 803 3199 dat
823 3139 978 3201 licentiam
996 3138 1161 3221 ¹pigritandi

245 3226 278 3285 iu
301 3224 392 3285 bonis
414 3222 558 3303 operibus
581 3229 707 3302 propter
728 3221 874 3282 infirmos.

331 3307 380 3367 Ad
403 3307 690 3385 quinquagesimam
714 3305 852 3383 quintam
874 3305 959 3381 dicis,
982 3304 1063 3365 banc
1084 3312 1112 3365 et
1131 3305 1162 3362 si·

247 3391 335 3451 miles
358 3409 427 3450 csse
448 3390 591 3469 pueriles,
614 3390 671 3447 viri
692 3388 885 3465 stomachati,
908 3395 939 3447 et
961 3388 1113 3449 inferentis
1133 3404 1161 3446 os

246 3475 279 3533 iu
311 3473 449 3547 coelum,
481 3481 512 3531 et
549 3478 657 3531 contra
692 3470 846 3531 stimulum
868 3470 1069 3543 calcitrantis.
1114 3470 1161 3529 Re·
1193 3510 1194 3515 κ

249 3555 405 3694 qpondeo:
434 3555 550 3615 Verum
572 3561 618 3613 est
640 3552 722 3632 apud
745 3552 925 3617 silvestrum
949 3554 1161 3625 etThomistas

272 3644 411 3694 untuxut.
1193 3638 1194 3643 ’

326 3818 357 3882 1)
370 3818 410 3883 δΙιι
429 3820 474 3874 cd.
493 3820 569 3876 len:
590 3819 645 3873 hie.
749 3839 752 3843 ·
