2600 4300
223 339 287 408 464
509 343 639 412 Epistola
657 344 734 399 Mart.
751 345 860 399 [utheri

221 616 305 676 rere,
333 597 485 677 idemque¹
497 617 600 658 rursus
622 597 767 658 deserere
787 605 948 678 promtus,
981 604 1052 658 utut
1083 615 1147 657 sese

221 679 1149 844 mittitisttinsstttttttt²..ttt5⁰³.

222 865 311 908 eurro
333 854 364 907 et
384 847 607 927 sycophantam
627 849 720 908 istum
749 865 816 908 oum
840 848 902 906 suis
925 846 1098 908 mendeoiis
1119 849 1147 905 in

221 929 375 1010 publicum
410 932 527 992 trahem
549 930 618 992 Deo
649 929 793 1012 propitio.
827 929 950 999 Interim
972 930 1148 1011 Mpisropus

221 1013 526 1095 Breudenburgensis
547 1013 646 1074 altere
666 1021 753 1093 parte
774 1031 837 1073 non
850 1013 955 1074 audite
967 1012 1148 1074 Meoiimen-

222 1095 311 1158 deeie
321 1097 469 1178 invulgat,
492 1113 612 1174 suoque
626 1097 751 1158 nomine
773 1095 832 1156 illis
844 1099 1045 1158 autoritatem
1068 1095 1148 1177 apud

222 1180 335 1242 multoe
348 1187 445 1260 peret,
466 1181 499 1240 in
510 1181 571 1238 mei
582 1180 716 1240 nominis
730 1179 881 1258 iniuriam,
902 1179 1032 1260 pulchre
1049 1190 1148 1240 osten-

222 1262 319 1341 dens,
346 1262 418 1342 quid
449 1263 543 1322 enimi
564 1263 624 1322 hue
645 1263 794 1342 usquein
818 1281 867 1322 me
888 1261 1013 1323 eluerit?
1030 1261 1148 1340 Timeo,

222 1345 306 1426 quod
327 1347 379 1406 vix
400 1365 494 1426 egere
514 1348 642 1425 possim,
663 1357 704 1406 ne
725 1345 815 1405 simul
837 1365 906 1406 eum
929 1345 1098 1418 iovolvem
1113 1363 1149 1405 ae

223 1432 288 1490 eius
319 1430 471 1490 inuoitiem
502 1436 534 1488 et
555 1429 759 1488 temeritatem
779 1425 934 1489 Eonienee
963 1429 1148 1509 eonsengui-

222 1531 312 1574 neem
333 1511 472 1592 prodem.
511 1510 724 1592 cooperantur
750 1512 778 1572 ei
808 1512 886 1572 miro
913 1511 1008 1573 modo
1038 1511 1147 1572 fratres

223 1596 357 1656 minores
383 1595 423 1656 de
443 1594 654 1664 observantie:
687 1593 780 1655 nobis
808 1594 909 1654 solum
938 1595 1148 1676 typographis

222 1677 322 1757 deest,
346 1697 407 1757 quo
429 1677 518 1738 eitius
539 1677 732 1757 invulgemus
762 1679 915 1738 eontrerie
938 1677 1047 1753 (Luth.
1070 1675 1147 1758 Mpp.

223 1760 272 1823 ed.
293 1761 389 1822 Aun'f.
411 1761 434 1836 1,
455 1780 485 1842 p.
508 1763 578 1826 206.
599 1759 639 1820 de
661 1759 764 1820 Wette
784 1759 808 1839 Ι,
830 1781 859 1842 p.
882 1759 1006 1844 323.).“
1053 1761 1146 1820 Paulo

222 1851 295 1925 post
324 1864 404 1924 quse
426 1843 574 1905 Lutherus
601 1862 707 1904 seeum
733 1845 934 1904 constitueret
961 1839 1053 1904 erent
1074 1862 1147 1904 eon-

222 1929 312 2010 ieete,
332 1947 403 1989 nem
424 1929 487 1988 iem
507 1927 537 1990 d.
549 1931 578 1992 3.
600 1945 639 1987 m.
653 1925 736 2008 Sept.
761 1929 839 1991 1519
861 1926 1027 1990 soribitJo.
1041 1926 1146 2007 Lengo

222 2011 424 2072 Mrturdieusi:
461 2010 643 2089 „Lottherus
663 2009 785 2090 Lipsiee
812 2009 886 2070 mihi
921 2009 1006 2071 ondit
1041 2018 1148 2070 eontra

223 2095 348 2157 Meuium
371 2093 508 2157 libellum
528 2093 779 2176 apologetinum‚
807 2093 858 2155 nbi
879 2093 986 2155 refello
1012 2093 1089 2177 Xlli¹
1102 2112 1146 2153 er-

224 2180 335 2241 tieulos
356 2200 376 2241 e
397 2179 538 2242 iratribus
561 2176 727 2238 Minoribus
749 2176 1055 2239 Jutterboeoensibus
1077 2176 1147 2237 mihi

117 2276 122 2283 ’
222 2265 387 2346 impositos
419 2270 450 2323 et
476 2281 532 2343 per
551 2261 680 2321 Eeoium
711 2258 950 2321 invidiosissime
972 2260 1146 2323 consumtus

223 2349 256 2407 in
276 2365 391 2409 nomeu
413 2364 528 2405 meum:
562 2362 621 2424 ego
640 2362 771 2403 rursum
803 2345 847 2404 eis
869 2344 968 2405 XXIV
1002 2343 1146 2405 ertieulos

223 2433 351 2511 impono
373 2434 405 2490 et
425 2429 523 2489 fervet
541 2427 701 2508 negotium
723 2425 829 2501 (Luth.
849 2427 928 2509 Mpp.
952 2427 1001 2489 ed.
1019 2426 1116 2489 Aurii.
1126 2428 1146 2505 1,

225 2516 296 2591 208,
319 2512 358 2575 de
373 2511 487 2578 ,Wette
506 2510 531 2587 1,
551 2530 582 2590 p.
604 2508 717 2592 328).“

305 2591 464 2659 Monsehi'
479 2593 749 2655 tutterboooenses
779 2594 818 2653 de
841 2592 964 2658 Lutheri
985 2594 1145 2674 proposito

224 2681 371 2743 edversus
387 2681 473 2758 ipsos
486 2675 637 2738 scribendi
659 2676 805 2737 certiores
827 2675 900 2737 teeti
920 2674 1006 2737 illum
1020 2694 1146 2757 rogere-

224 2772 304 2841 runt,
324 2782 364 2823 ne
384 2761 416 2821 id
437 2761 561 2838 feceret,
582 2765 615 2821 et
633 2758 793 2836 liutherus,
816 2760 841 2819 si
862 2760 923 2831 iem
944 2758 1010 2820 fieri
1033 2766 1146 2839 posset,

225 2865 343 2908 morem
363 2846 400 2905 iis
421 2862 529 2925 gerere
550 2862 613 2905 non
633 2842 836 2923 grevebstur.
849 2834 960 2903 floribit
979 2843 1064 2903 enim
1075 2841 1143 2921 Spe-

225 2931 322 2991 letino
345 2928 374 2989 d.
397 2931 447 2991 22.
469 2947 509 2988 m.
532 2926 615 3005 Sept.
640 2928 733 2990 1519:
766 2926 869 3004 „Misit
895 2924 934 2985 ed
957 2945 1007 2986 me
1029 2925 1145 2985 Fratres

225 3033 281 3075 seu
302 3012 407 3072 Petres
430 3012 503 3071 setis
524 3015 681 3089 spectatos
701 2998 900 3069 Provineieli’s
921 3008 1086 3083 Minorem,
1106 3009 1147 3067 in·

226 3102 415 3176 tereepturus
436 3112 560 3155 eeusem
582 3111 683 3155 meem
705 3090 746 3151 ed
767 3091 1050 3169 Jutterboeeenses,
1073 3109 1145 3171 quos

203 3180 287 3241 'iem
309 3185 383 3239 eunt
402 3177 536 3256 punituri
571 3182 603 3237 et
622 3194 642 3235 e
662 3174 877 3237 loeomoturi.
910 3172 978 3256 Ego
1012 3173 1085 3235 dedi
1105 3174 1145 3234 eis

131 3285 134 3289 ·
225 3278 426 3345 responsum,
456 3261 484 3321 si
515 3258 694 3320 Lottherum
722 3258 843 3339 Lipsiae
878 3263 992 3337 queant
1021 3276 1145 3319 exorere

226 3355 280 3407 eut
299 3344 476 3406 indemnem
496 3362 567 3403 eum
588 3360 732 3419 servare,
755 3360 813 3422 ego
837 3343 868 3401 in
889 3343 1021 3421 gretiam
1043 3360 1144 3401 eorum

226 3428 331 3491 libello
359 3446 429 3490 meo
458 3427 619 3505 spongiam
653 3425 813 3489 mitterem.
849 3424 951 3503 Atque
978 3421 1010 3484 id
1032 3426 1139 3504 egitur:

225 3511 341 3586 neseio,
365 3509 436 3588 quid
458 3507 588 3572 efficitur
608 3506 714 3583 (Luth.
728 3506 806 3588 Mpp.
829 3506 877 3571 ed.
890 3506 986 3569 Aurif.
1000 3507 1037 3586 11,
1060 3508 1089 3570 3.
1111 3505 1144 3565 de

227 3590 332 3650 Wette
354 3594 375 3668 1,
396 3611 427 3669 p.
449 3588 562 3733 3363ss
581 3589 726 3650 Monoohi
746 3608 816 3651 sero
831 3610 895 3651 rem
918 3596 1058 3671 egerunt,
1079 3606 1143 3649 uem

226 3672 286 3729 ism
308 3671 338 3733 d.
361 3674 408 3736 30.
441 3692 480 3731 m.
526 3681 586 3751 ept.
613 3671 762 3733 Lutherns
793 3674 956 3733 Frsneiseo
987 3670 1142 3733 Giinthero

230 3754 339 3826 (quem
367 3752 535 3831 peroohum
562 3754 849 3817 Jutterbooeensem
871 3756 966 3817 fuisse
1000 3750 1140 3835 eredunt)

227 3828 306 3890 hese
325 3835 447 3901 soribit:
468 3834 577 3912 „Mitto
598 3836 653 3898 tibi
674 3838 864 3919 exemplaris
894 3844 1003 3901 contre
1022 3836 1141 3898 Meeinm

222 519 271 579 ot
289 513 453 595 impudens
476 483 691 594 et'peririotee
707 485 837 594 Montis,
866 515 942 576 nihil
973 535 1040 576 non
1069 533 1148 574 asse·
