2600 4300
385 328 421 384 ur
441 329 509 384 orsu
528 329 556 384 r.
577 329 643 386 sm.
664 329 813 386 museus.
1026 305 1065 394 2⁴4²

90 506 91 513 ³
149 500 224 580 siae,
258 501 332 581 qnia
363 503 542 583 opinionem
574 509 663 563 tenes
698 499 834 578 uondnto
862 485 1068 584 rep'robdtm',

150 603 199 644 our
218 601 281 665 ego
302 603 367 646 non
395 587 557 666 permittor
583 585 638 647 tibi
665 585 825 646 dissentire
851 586 882 645 in
911 586 1068 666 opinione,

150 684 246 747 neque
268 666 485 746 determinata,
506 687 607 747 neque
628 667 859 750 reprobatalii
888 669 1068 750 proesentinu

150 767 213 810 aum
232 756 268 810 tu
289 751 367 811 nihil
388 770 445 832 pro
467 757 499 811 te
519 751 646 831 habeas,
668 751 727 811 nisi
749 750 861 811 nudam
876 749 906 812 Β.
928 750 1068 815 Thomas

149 834 366 897 narrationem.¹
419 833 488 914 Ego
518 841 621 896 autem
654 834 768 894 olerum
801 835 920 894 textum
945 833 1011 896 Cle.
1038 842 1069 895 et

150 923 253 997 aperta
273 916 371 978 verba
393 917 556 998 evangelii,
578 917 690 978 deinde
712 917 899 994 Gereonem,
921 917 972 998 'qui
994 915 1068 980 mul-

148 1000 183 1059 tis
202 1000 294 1058 annis
315 1000 471 1079 posterior
491 1000 612 1060 'l'homa
633 999 721 1077 dioit,
753 1001 1007 1080 opinionee'esee
1028 999 1068 1061 ad

148 1088 304 1162 utramque
343 1089 463 1163 partem
496 1083 672 1164 probabiles
705 1085 736 1142 in
769 1083 829 1143 heo
868 1101 919 1161 τες
957 1081 1068 1148 deinde

147 1183 238 1246 penes
259 1183 313 1225 me
333 1165 452 1245 aliquot
472 1165 608 1226 eruditos
636 1173 668 1226 et
696 1171 803 1228 aoutos
825 1171 972 1226 tractatos
994 1183 1068 1248 quo·

147 1247 273 1308 rundam
294 1249 327 1308 in
348 1248 531 1327 Germania,
568 1250 619 1328 qui
654 1249 746 1310 etiam
769 1247 916 1310 damnent
931 1253 1015 1309 tuam
1038 1252 1069 1310 ei

150 1331 178 1392 S.
196 1330 340 1393 Thomae
362 1333 557 1392 sententiam.

224 1412 359 1494 Quinto,
391 1415 475 1494 quod
496 1415 587 1496 ponis
608 1433 724 1492 nasum,
747 1413 778 1476 Si
799 1419 946 1496 peooator
964 1415 1067 1478 t'ene'a·

147 1503 192 1557 tnr
211 1497 252 1556 ad
273 1516 411 1578 poenam
434 1517 453 1557 a
474 1497 636 1558 saeerdote
658 1497 843 1577 iniunctam,
874 1498 947 1560 item
979 1515 1067 1560 aaa

147 1599 227 1640 none
248 1581 434 1658 iniunctam,
455 1583 530 1642 item
551 1600 571 1640 a
590 1581 658 1642 Deo
680 1582 868 1657 iniunctam,
887 1585 960 1642 tuno
981 1581 1068 1662 sequi

90 1738 91 1743 η
148 1682 184 1722 ex
204 1681 276 1724 mea
296 1664 528 1744 propositione,
563 1664 656 1724 talem
685 1669 833 1746 percepta
859 1661 999 1744 plenarie
1023 1664 1068 1724 in·

90 1806 91 1809 ,
148 1745 305 1826 dulgentia
323 1766 387 1808 non
405 1747 541 1821 evolare,
562 1752 616 1807 aut
629 1765 692 1808 non
704 1745 826 1808 liberari
842 1765 861 1806 a
899 1747 1067 1830 orgetorio,

148 1830 241 1926 etita
261 1829 303 1890 de
322 1830 406 1891 iaetu
428 1830 579 1891 ecelesiae
599 1829 682 1892 male
703 1831 813 1909 sentio,
835 1833 867 1890 et
878 1765 1067 1891 baeretioum

150 1931 182 1971 sa
202 1931 245 1975 ro.

180 1930 200 1992 p
226 1994 432 2076 Respondes,
452 1994 500 2055 'l'u
521 2013 645 2075 quoque
667 1993 754 2074 vide,
785 2013 826 2055 ne
849 1994 888 2056 de
908 1995 990 2056 facto
1014 1998 1067 2057 eo-¹

148 2077 259 2138 alesine
279 2077 447 2139 tamsbene
468 2079 595 2159 sentias,
616 2082 651 2139 nt
670 2077 784 2138 iactum
806 2077 864 2140 Dei
885 2077 1066 2159 pessundes.

149 2162 260 2223 ideireo
287 2180 374 2242 pono
404 2162 459 2223 tibi
483 2180 603 2221 rursum
637 2180 759 2223 oasam:
796 2160 827 2222 si
855 2168 1002 2243 peooator
1029 2162 1069 2223 sit

90 2304 91 2309 ,
149 2244 236 2325 plene
263 2252 297 2307 et
325 2263 399 2305 vere
421 2245 587 2323 somnitus,
620 2244 669 2304 oui
701 2242 740 2305 de
767 2244 849 2305 iacto
871 2244 929 2307 Dei
959 2261 1066 2306 omnes

151 2346 268 2406 poenae
290 2333 363 2388 sunt
387 2328 552 2406 remissae,
582 2326 655 2407 quid
684 2326 803 2389 oonlert
828 2324 900 2387 huio
926 2328 1067 2389 remissio

151 2410 307 2491 plenaria?
340 2410 373 2471 si
401 2418 504 2470 autem
525 2429 588 2471 non
611 2417 659 2471 est
679 2408 772 2491 plene
794 2410 962 2489 contritus,
995 2408 1068 2491 quid

151 2492 269 2573 profluit
290 2494 319 2553 ei
340 2494 482 2553 remissio
497 2492 646 2574 plenaria,
669 2512 736 2553 oum
753 2495 877 2555 maneat
891 2492 1071 2573 imperieote

152 2575 191 2636 ibi
217 2577 332 2637 oenias
360 2577 512 2655 institiae,
543 2576 755 2656 imperfectum
788 2574 891 2636 odium
928 2576 1070 2657 peceati?

153 2658 208 2719 Sed
228 2658 324 2731 latius
344 2660 406 2719 ista
421 2660 452 2718 in
469 2658 738 2720 declarationibus.
788 2656 884 2719 Totus
912 2662 993 2721 enim
1022 2666 1070 2720 est

153 2742 317 2820 Themista,
339 2741 415 2801 nihil
450 2742 584 2819 probans,
605 2760 707 2821 neque
725 2741 874 2823 allegans,
897 2740 936 2803 de
958 2743 1068 2825 poeuis

153 2823 362 2886 tandummodo
384 2760 570 2904 mulliplioas
590 2824 700 2905 verba,
723 2822 762 2887 de
783 2822 966 2887 contritione
988 2842 1069 2905 pene

154 2907 221 2968 nihil
242 2908 331 2987 diois,
354 2924 434 2987 quae
456 2907 555 2989 diligit
575 2928 702 2988 poenae.

229 2991 346 3070 Sexto,
379 3008 444 3051 non
471 2989 565 3051 oredo
587 3009 686 3071 usque
707 2988 801 3051 hodie
822 3008 877 3071 per
898 2990 1001 3052 claves
1024 3010 1069 3053 re·

156 3074 226 3135 mitti
247 3092 370 3155 poenas
392 3072 492 3134 aDeo
514 3072 656 3154 intliotas,
680 3080 711 3133 et
730 3074 866 3135 rationes
888 3070 973 3135 meas
986 3072 1069 3135 vide-

157 3154 196 3216 bis
217 3158 248 3217 in
271 3154 549 3235 declarationibus,
581 3175 640 3242 qen
672 3160 704 3216 tu
726 3172 859 3235 unquam
892 3155 923 3215 id
953 3156 1069 3237 poteris

156 3239 291 3319 probare,
314 3241 382 3299 eine
403 3238 587 3319 probatione
623 3244 725 3300 autern
755 3235 809 3298 tibi
842 3236 917 3299 nihil
944 3256 1069 3319 prorsus

159 3322 252 3385 oredo.
295 3322 337 3383 Iit
356 3329 391 3381 ut
410 3323 545 3383 animum
568 3342 669 3383 meum
692 3322 781 3401 soles,
804 3321 877 3383 mihi
898 3320 1017 3383 videtur
1037 3320 1070 3381 id

90 3423 91 3472 ᾗ
158 3404 418 3487 ingravissimum
440 3405 591 3465 eoolesiae
612 3404 774 3466 ludibrium
798 3400 943 3485 vergere,¹
977 3405 1003 3464 si
1033 3423 1071 3466 ea

160 3485 328 3567 domamus,
349 3486 519 3568 dequibus
541 3487 657 3548 nullam
685 3506 809 3569 prorsus
831 3486 981 3548 rationem
1004 3486 1071 3549 red-

90 3601 91 3624 r
162 3569 228 3633 dere
245 3587 420 3652 possumus.
463 3568 530 3631 Neo
557 3572 630 3632 satis
665 3570 707 3633 ibi
741 3590 810 3633 esse
848 3568 939 3632 eredo
978 3568 1070 3631 etiam

162 3653 265 3714 laabim
293 3654 445 3715 eeclesiae
468 3653 671 3767 (quamqupm
706 3654 757 3715 hio
787 3674 850 3716 non
884 3654 923 3715 sit
955 3652 1070 3715 laetum

228 3844 258 3911 1)
276 3844 308 3897 lu
327 3842 391 3901 edit.
407 3842 481 3899 len:
501 3842 662 3915 approbata.
