2600 4300
246 315 289 389 ll
501 319 660 392 wistil-
678 319 747 384 itis.
765 269 911 382 Mis

247 489 313 570 dos,
334 486 782 572 sensumsensurn,
803 507 896 568 quem
918 491 1160 566 totanaturalut

247 575 293 642 us
314 571 462 656 dixerim)
487 576 621 653 miratur,
642 582 675 636 et
696 575 782 636 ouum
802 573 1065 648 veritatalioetio
1080 577 1160 650 teste,

248 656 324 720 nibil
346 657 478 735 alarius,
505 666 539 720 et
563 660 595 720 in
623 659 708 723 euim
738 655 879 720 doetrina
908 656 974 718 sise
996 655 1029 716 in
1051 653 1161 736 logicis,

248 741 368 802 sivein
399 739 558 820 physiois,
590 742 657 802 sive
678 741 710 802 in
732 738 916 816 moralibus,
952 738 1103 811 haetenus
1128 741 1163 800 sit

247 822 334 886 nulla
353 823 479 886 inventa
500 824 638 902 falsitas,
668 829 790 904 praeter
812 821 861 898 id,
885 821 968 900 quod
991 839 1058 886 nou
1080 827 1163 898 uerte,

248 905 304 968 sad
331 905 443 968 eodem
471 914 550 968 teste
576 906 747 969 dubiusve
781 905 820 968 de
853 904 959 966 mundi
987 906 1164 966 aeternitate

248 990 363 1067 sensit,
384 995 416 1049 tu
436 989 517 1051 adeo
539 989 744 1067 dehonestas,
776 994 810 1050 ut
831 989 890 1050 tuis
912 987 1046 1050 deberes
1073 986 1165 1048 verbis

249 1071 441 1135 erubesoere.
461 1072 622 1152 Reliquum
645 1079 791 1153 asterga,
812 1077 846 1133 ut
867 1069 906 1130 de
922 1078 1066 1148 asstare,
1086 1072 1165 1149 qussi

247 1155 347 1218 altero
368 1153 505 1234 Arahtu,
525 1155 727 1232 volptatum,
748 1161 804 1217 aut
812 1153 1000 1235 Pythagora,
1019 1152 1167 1214 nonTho·

249 1257 332 1300 mann
353 1237 446 1300 modo
468 1245 522 1299 aut
530 1238 741 1314 Aristotelem,
762 1237 816 1301 sed
839 1236 1003 1300 dootorem
1027 1237 1167 1314 omnium,

250 1322 303 1400 qui
321 1320 523 1398 oeiebrantur,
545 1341 616 1382 oum
637 1322 857 1400 assoriptorum
879 1319 1089 1398 coelestibus,
1111 1329 1166 1380 tum

249 1405 344 1466 etiam
365 1422 429 1466 non
450 1406 668 1484 asseriptorum
698 1406 812 1483 soripta
843 1404 875 1464 in
899 1403 1011 1464 melius
1041 1421 1166 1464 eommu-

250 1493 367 1562 temus‚
390 1487 478 1566 quasi
494 1488 591 1548 nessii
612 1507 712 1548 rerum
734 1486 963 1548 inconsiderate
984 1487 1168 1567 scripserint,

250 1577 284 1634 et
303 1567 465 1649 pontifioes
486 1571 619 1642 inaniter
639 1569 822 1636 indulserint
842 1570 960 1632 venias.

314 1651 454 1714 Oseurrit
474 1671 557 1714 nune
576 1652 692 1714 dietim
713 1651 787 1714 iilud
810 1659 916 1730 tuum,
948 1670 1012 1731 quo
1035 1669 1167 1712 meeum

250 1737 367 1815 styptis
387 1735 478 1797 divae
498 1735 725 1812 Pudentianae‚
747 1741 800 1796 sut
822 1735 939 1815 egregii
963 1735 1109 1816 martyris
1122 1734 1169 1796 Se·

249 1818 383 1883 bastiani
403 1817 520 1895 irrides,
542 1819 630 1897 quasi
654 1837 713 1898 ego
736 1817 784 1878 his
798 1817 883 1898 vulgi
904 1815 1106 1897 opinionibus
1117 1818 1167 1878 sim

249 1901 450 1981 probaturus,
472 1900 555 1980 quod
577 1901 709 1962 eeclesia
729 1919 785 1980 per
806 1901 913 1963 venius
936 1899 1095 1962 eoneedat
1112 1901 1168 1960 ani·

250 2001 368 2046 marum
389 1983 604 2046 liberationem
626 1984 845 2064 spurgatorio.
867 1983 937 2046 Non
961 1983 1069 2046 oitabo
1090 1989 1168 2043 antra

251 2067 302 2128 vel
323 2073 458 2147 emptas,
479 2066 536 2128 sed
557 2073 682 2134 autores
704 2066 792 2144 tales,
814 2084 892 2146 quos
914 2067 939 2126 si
962 2065 1104 2147 negabis,
1124 2085 1167 2126 ne-

250 2150 372 2231 gaberis
408 2157 440 2213 et
472 2150 678 2217 damnaberis.
721 2147 819 2224 Quam
853 2168 928 2213 vero
958 2156 990 2211 tu
1026 2147 1169 2211 subtiliter

251 2232 430 2315 probaveris
452 2239 504 2293 tua
526 2232 814 2313 perclementinam
838 2232 972 2312 citatam,
994 2232 1167 2313 propediem

171 2387 174 2398 ¹
249 2316 380 2385 ridebis.
401 2315 481 2391 illud
503 2322 606 2377 tamen
628 2335 692 2377 non
715 2315 813 2378 silebo
835 2315 940 2393 modo,
963 2315 1048 2394 quod
1071 2332 1169 2375 revera

253 2400 397 2481 egregius
410 2400 578 2479 apparuisti
599 2400 770 2476 canonista,
793 2400 884 2477 etqui
905 2398 1045 2461 omniurn
1058 2404 1168 2459 saneto·

252 2500 320 2546 rum
342 2481 500 2543 doetrinae
522 2482 706 2561 aspernaris,
727 2480 985 2546 inaestimabilem
1006 2488 1038 2543 et
1052 2482 1168 2541 immen-

253 2585 319 2627 sam
353 2564 468 2627 molem
494 2565 525 2625 in
558 2564 699 2644 glossula
721 2564 750 2638 ι)
788 2563 963 2643 etquidem
986 2563 1072 2625 male
1092 2562 1169 2623 intel·

255 2647 358 2724 isola,
379 2646 522 2709 fundasti.

337 2729 419 2800 ess,
447 2736 481 2791 ut
501 2729 651 2792 dimittam
674 2730 841 2808 Thomam,
870 2735 901 2789 et
921 2728 960 2791 ad
983 2727 1110 2807 propria
1129 2745 1170 2785 me

255 2820 445 2892 eonvertam
468 2812 575 2876 erebro
599 2833 650 2874 me
671 2812 863 2897 adulatorem
883 2828 988 2890 voees,
1010 2809 1096 2889 quod
1116 2809 1167 2888 qni-

254 2896 327 2957 dem
346 2914 480 2976 purgare
501 2895 676 2971 erubeseo,
713 2894 768 2958 tibi
796 2901 900 2967 tamen
928 2894 1061 2955 aliorum
1082 2892 1170 2973 gratia

253 2977 483 3059 responderim,
521 2978 605 3058 quod
625 2998 684 3053 ea,
716 2994 795 3057 quae
817 2977 856 3039 de
874 2975 1021 3058 pontibus
1044 2976 1168 3037 maxiem

224 3152 229 3159 A
254 3062 539 3210 zuripsigutminora
564 3069 636 3131 sunt
669 3060 829 3205 ιίἷιῖιιὶζιιε
850 3062 946 3216 (οέῗθ
955 3058 1169 3205 ρᾶτεοιιιίιίδιιέ.

283 3164 334 3207 um
417 3163 467 3217 em
500 3163 607 3205 verum
636 3161 816 3223 prouerun
997 3161 1092 3203 eroe
1124 3160 1169 3220 p·

244 3228 332 3309 pulo
354 3227 496 3292 Romano
532 3245 571 3286 aa
591 3233 657 3294 toto
680 3244 762 3306 pene
784 3225 888 3303 orbe),
924 3244 984 3304 qua
1007 3224 1168 3287 temeritate

257 3310 297 3373 de
317 3310 488 3376 intentione
511 3329 580 3370 mea
600 3308 737 3374 iudioaro
746 3308 939 3391 praesumis?
961 3307 1042 3383 Quin
1067 3314 1097 3369 et
1113 3324 1169 3385 por·

256 3400 304 3454 tos
326 3411 411 3457 meas
433 3393 494 3473 egi,
515 3392 541 3453 si
565 3403 596 3453 te
605 3393 796 3471 impeterem,
817 3389 1005 3472 pontifioem‚
1029 3388 1168 3453 ouiiiden

182 3538 187 3544 ,
258 3494 298 3535 ex
320 3475 495 3536 Christiana
524 3474 675 3555 religione
704 3481 735 3542 et
763 3493 802 3538 es
835 3474 959 3553 proprio
986 3469 1169 3539 iureiurando

259 3556 373 3632 debeo,
393 3558 495 3621 roissi.
537 3557 594 3617 An
609 3576 673 3617 non
694 3575 794 3635 neque
820 3556 892 3619 lieet
919 3556 993 3619 mihi
1015 3575 1084 3617 oum
1104 3552 1169 3613 veri·

322 3792 354 3860 1)
375 3792 460 3849 lusu:
477 3800 595 3866 glosula.
