2600 4300
324 349 399 422 apua
416 349 497 408 card.
517 349 545 408 S.
563 349 635 405 sixti
649 353 730 407 Rom.
749 348 825 405 Post.
846 350 908 420 teg.
995 339 1077 412 ,893

329 518 551 642 Epistulae
584 517 703 614 Duae
731 515 912 637 Latiari

301 719 346 780 ad
369 719 620 782 cardinalem
649 717 873 778 Caletanum
896 717 938 798 ¹).

220 1007 589 1106 Reverendissimo
606 883 671 1102 1in
700 1006 873 1104 cbristo
899 1007 1029 1105 Patri

163 1207 195 1263 et
218 1199 353 1260 Domino
375 1197 524 1272 Thomae,
546 1195 638 1257 'l'ituli
661 1196 691 1258 S.
704 1195 781 1257 Sixti
802 1195 985 1278 Presbytero
1008 1196 1078 1258 orr-

162 1282 279 1360 dinali,
313 1287 438 1342 sanotae
471 1279 552 1340 sedis
574 1279 764 1362 apostolieae
796 1299 852 1362 per
883 1280 1079 1341 Germaniam

164 1367 204 1428 de
235 1366 331 1426 latere
352 1364 467 1444 Legata
499 1369 556 1424 eto.
582 1363 614 1422 in
637 1361 758 1423 cbristo
787 1363 951 1424 metuendo
979 1369 1010 1422 et
1029 1381 1080 1424 eo·

240 1446 334 1510 leudo
357 1446 493 1509 Salutem
515 1451 546 1507 et
567 1444 933 1507 omnem-subiectionem
956 1447 1012 1507 sui.

246 1581 515 1646 Reverendissime
535 1581 566 1642 in
589 1581 709 1642 Christo
731 1588 827 1662 pater,
848 1582 959 1644 iterum
980 1582 1082 1660 venio,

163 1667 221 1730 sed
243 1685 299 1747 per
317 1666 444 1743 literae,
476 1663 618 1744 dignetur
638 1664 893 1728 reverendissima
913 1665 1081 1746 paternitas

164 1759 221 1812 tna
243 1768 291 1810 me
313 1747 551 1810 elementissimo
572 1745 687 1808 audire.

249 1831 323 1912 ugit
354 1849 473 1892 meeum
510 1829 696 1890 reverendus
723 1830 857 1911 mihique
890 1831 1082 1899 duleissimus

164 1922 256 1998 pater
275 1933 361 1974 meus
382 1915 413 1984 ia
436 1911 580 1990 Christo,
609 1912 749 1974 Vioarius
769 1922 893 1991 noster,
924 1913 1082 1976 lohannes

165 1998 337 2079 saepiatur,
358 2002 392 2058 ut
411 1995 566 2056 humiliter
583 1993 782 2072 sentirem2),
803 2003 836 2056 et
848 2015 970 2059 aeneum
980 2015 1083 2056 meum

164 2081 390 2158 submitterem,
422 2077 712 2159 commendavitque
732 2095 770 2140 ao
799 2080 951 2159 persuasit
971 2077 1004 2162 ³)
1029 2090 1083 2159 pa'·

171 2166 346 2229 tenuitatem
367 2168 449 2225 tuam
470 2161 758 2234 reverendissimam
782 2162 856 2224 mibi
881 2181 951 2223 esse
971 2163 1083 2243 matio

170 2248 335 2321 assisiam,
357 2246 400 2305 ita
420 2251 454 2307 ut
472 2262 521 2305 res
541 2245 611 2325 ipsa
636 2252 669 2305 et
684 2246 813 2307 nuneins
833 2246 946 2325 pariter
972 2244 1083 2307 eximie

168 2350 219 2393 me
239 2324 492 2404 laetificarentlt.
516 2327 573 2387 Est
594 2329 676 2387 enim
688 2327 782 2394 homo
803 2328 854 2389 bio
874 2328 943 2390 talis
966 2335 999 2389 et
1017 2332 1082 2389 tan·

167 2422 216 2477 tus
233 2413 265 2473 in
287 2410 385 2473 oeulis
406 2410 505 2488 meis,
533 2415 567 2470 ut
587 2410 690 2471 nullus
709 2412 749 2471 sit
770 2412 800 2471 in
823 2410 941 2471 mnndo‘
950 2452 959 2490 ,
980 2410 1029 2471 eui
1048 2409 1082 2471 li·

165 2496 288 2561 bentine
319 2492 455 2555 audirem
491 2498 523 2553 et
561 2492 756 2572 obsequerer.
798 2492 865 2555 Neo
887 2495 992 2575 5minus
1019 2493 1084 2574 egit

167 2578 370 2656 duleiseimus,
398 2575 491 2637 trater
512 2593 615 2653 meua,
636 2575 784 2656 Magister
793 2576 984 2638 Venoeslaus
1004 2576 1083 2656 Lyn·
1132 2588 1136 2595 '

167 2682 240 2738 oue,
262 2659 370 2722 eadem
392 2658 431 2719 de
452 2657 707 2721 reverendissima
726 2660 913 2739 paternitate
934 2666 987 2721 tua
1007 2659 1082 2721 reie-

167 2764 250 2821 rens,
272 2744 323 2823 qui
346 2740 385 2803 ab
406 2742 531 2803 ineunte
555 2746 659 2803 aetate
678 2743 872 2823 parimeeum
893 2742 994 2804 studio
1009 2741 1083 2804 ado·

166 2827 252 2891 levit.
275 2826 413 2887 Breviter
434 2842 497 2885 non
518 2824 619 2904 potuit
639 2824 895 2887 reverendissima
915 2826 1082 2907 paternitas

167 2910 348 2974 tnafortius
370 2913 402 2969 et
424 2906 548 2967 duloius.
569 2926 620 2969 me
641 2926 786 2987 movere,
814 2927 906 2987 qnam
933 2908 980 2971 bis
1008 2908 1082 2971 duo·

166 2994 225 3056 bus
244 2984 574 3066 viris'mediatoribus‚
596 3008 725 3069 qnorum
747 2996 877 3071 uterque
895 2993 927 3052 in
948 2991 1082 3055 solidum

166 3094 219 3138 me
238 3074 389 3137 hebetia
418 3091 511 3133 manu
532 3090 596 3133 sua.
638 3072 739 3135 Tanta
764 3082 812 3137 est
836 3081 889 3135 tua
919 3074 1008 3135 simui
1029 3073 1082 3135 lm·

166 3159 299 3221 manitas
316 3162 349 3217 et
368 3154 549 3237 prudentia,
570 3173 631 3235 qua
652 3156 743 3218 video
764 3165 847 3219 tuam
867 3156 1083 3219 reverendissi-

167 3260 250 3303 mam
271 3238 486 3321 paternitatem
509 3256 571 3301 non
595 3256 675 3317 mea,
697 3238 751 3301 sed
773 3258 992 3319 mequaerere,
1011 3258 1081 3300 oum

165 3324 320 3407 potuisset
339 3320 408 3385 sole
419 3326 574 3401 potestate
593 3321 625 3381 lu
647 3322 871 3387 uve-dominari.
898 3319 1004 3401 imque
1020 3322 1104 3383 iam-

165 3409 259 3469 timo'r
278 3424 365 3481 meas
386 3403 501 3465 sensim
523 3403 649 3483 nandt,
668 3406 732 3469 imo
754 3410 887 3469 mumtus
907 3404 1001 3467 estin
1022 3404 1081 3468 sia·
1124 3402 1129 3415 '

234 3557 266 3626 1)
287 3558 338 3613 Hie
368 3556 463 3611 titulus
489 3573 546 3613 non
569 3557 596 3611 le
618 3559 670 3613 'tur
692 3559 721 3610 in
740 3555 783 3610 ed.
812 3556 918 3630 ptine,
943 3554 1082 3625 adquam

164 3636 274 3687 textum
294 3628 474 3701 reddidimus.
493 3629 521 3684 21
536 3628 591 3682 lne
612 3626 690 3683 ..lem
701 3627 824 3681 additum
836 3634 894 3683 est:
914 3632 941 3681 et
959 3629 1084 3696 opinioni

162 3719 218 3773 pro
238 3703 297 3754 riae
315 3700 450 3755 cederem.
502 3698 534 3768 ³)
556 3696 641 3753 ibid:
667 3700 916 3753 exuberantissime
938 3700 1081 3768 persuasit

160 3774 197 3844 4)
218 3720 307 3851 ibid:
327 3772 567 3841 gratiosissimam.
603 3772 645 3824 Ea
661 3786 707 3824 res
736 3776 763 3823 et
779 3772 898 3824 nuncius
916 3772 1020 3839 pariter
1036 3784 1082 3823 me

163 3846 274 3899 mirum.
288 3846 317 3897 in
336 3843 452 3899 modam
471 3842 671 3895 exhilararent
