2600 4300
406 335 440 396 ad
458 339 493 395 D.
507 340 580 394 Frid.
599 339 684 394 lilect.
704 339 771 418 Sex.
990 333 1052 402 413

140 512 359 574 illustrissimae
380 510 610 574 Dominationis
631 518 702 573 tuae
725 511 797 572 mibi
819 511 1052 576 consulentium.

140 593 239 654 Obtuli
260 596 365 685 itaque
380 614 430 655 me
451 602 636 676 prostratum
659 593 843 676 antepedes
864 594 1053 655 reverendis-

139 678 202 738 simi
225 677 351 738 Domini
372 678 496 760 Legati,
524 684 555 738 et
583 679 668 738 omni
689 679 862 739 reverentia
883 681 914 739 et
934 677 1059 738 humilis

139 767 198 820 tate
219 762 296 841 petii
319 763 463 839 veniam,
485 763 511 821 si
533 761 606 841 quid
625 769 741 822 temere
762 761 812 822 vel
835 761 981 822 dixissem
1002 761 1052 822 vel

139 844 290 924 egissem,
321 863 451 924 esseque
472 864 523 905 me
543 845 768 926 paratissimum
791 843 895 906 doceri
918 851 950 906 et
982 843 1052 905 duci

140 928 232 1001 (sicut
254 935 287 988 et
306 926 400 988 hodie
421 929 539 1006 sentio)
566 929 597 987 in
620 929 774 990 saniorem
797 928 989 988 sententiam.

213 1007 1052 1092 Hicmereuerendissimus'DominusLegatuspaterne
1137 1012 1140 1020 ’

139 1098 167 1152 at
187 1093 428 1155 clementissime
450 1095 601 1175 suscepit,
630 1094 851 1155 commendans
874 1100 905 1154 et
926 1111 1053 1175 congra-

137 1175 234 1235 tulans
256 1175 329 1236 huic
341 1195 430 1238 meae
445 1177 617 1255 humilitati,
640 1179 742 1238 statim
753 1178 811 1238 tria
826 1177 899 1237 mibi
913 1175 1053 1237 ludenda

136 1260 295 1339 proposuit
328 1259 545 1334 desmaddstc
578 1259 769 1322 sanctissimi
804 1260 928 1320 Domini
955 1261 1053 1321 nostri

137 1340 235 1421 Papae
256 1341 370 1403 Leonis
391 1343 440 1423 X,
460 1344 539 1404 sicut
559 1343 662 1404 aiebat
692 1348 780 1420 (uam
804 1343 962 1424 exemplar
983 1341 1053 1403 Bre-
1077 1339 1082 1352 '

138 1425 179 1484 vis
200 1427 321 1504 petenti
342 1425 552 1507 denegabatl:
997 1489 1000 1500 ¹

214 1509 366 1587 Primum,
400 1518 435 1570 ut
453 1509 583 1570 redirem
605 1508 645 1570 ad
668 1527 737 1587 cor,
767 1516 797 1570 et
829 1515 944 1570 erratus
967 1525 1052 1570 meos

136 1609 325 1668 revocarem,

216 1673 381 1755 Secundo,
403 1682 437 1735 ut
458 1677 669 1757 promitterem
691 1676 722 1735 in
745 1675 876 1736 buturum
899 1675 1053 1736 abstinere

138 1756 172 1817 ab
194 1757 311 1817 eisdem

212 1805 331 1919 Tertiri,
354 1847 387 1900 ut
407 1839 446 1901 ab
468 1840 610 1902 omuibus
632 1859 756 1931 quoque
769 1841 835 1902 aliis
857 1841 1053 1920 abstinerem,

138 1922 239 2000 quibus
261 1924 433 2003 perturbari
454 1925 554 2004 possit
574 1925 717 1988 ccclesia.

213 2005 262 2066 Ad
286 2008 415 2086 primum
437 2008 528 2087 petii,
550 2013 583 2068 ut
603 2013 788 2069 monstraret
810 2007 902 2083 mibi,
924 2008 955 2066 in
978 2013 1053 2086 qub-

138 2107 202 2149 nam
223 2108 386 2169 errassem,
409 2108 483 2151 mox
504 2089 535 2151 id
557 2090 682 2173 obiecit,
705 2090 1006 2172 qnodOonclusionc
1021 2093 1051 2154 7.

137 2173 208 2233 inter
228 2173 451 2235 declarandum
472 2173 619 2253 dixeram,
642 2183 786 2255 oportere
807 2194 876 2235 eum
891 2214 910 2253 ,·
929 2174 980 2253 qui
1012 2173 1051 2234 ad

139 2253 363 2316 Sacramentum
380 2256 508 2334 accedit,
531 2255 668 2335 credere,
690 2264 972 2319 seconsecuturum
984 2274 1052 2338 gra·

139 2339 204 2398 tiam
226 2343 420 2405 sacramenti.
443 2340 531 2400 Hanc
552 2342 634 2401 enim
657 2340 827 2402 doctrinam
851 2358 920 2401 esse
942 2347 1051 2401 contra

139 2439 248 2481 sacram
281 2423 460 2503 scripturam
494 2430 526 2483 et
552 2430 668 2485 rectam
702 2424 853 2484 ecelesiae
875 2423 1048 2483 doctrinam

140 2504 237 2567 voluit
282 2506 352 2586 Ego
373 2524 447 2566 vero
470 2513 649 2567 constanter
670 2506 733 2567 dixi
755 2509 789 2567 in·
809 2526 847 2567 eo
866 2514 979 2588 puncto
1002 2524 1051 2567 me

139 2605 194 2647 aon
215 2607 287 2649 esse
310 2606 475 2668 cessurum,
497 2590 577 2651 sicut
595 2608 655 2651 nec
666 2590 759 2652 hodie
781 2608 881 2669 neque
902 2590 1052 2650 inraeter-

140 2688 203 2731 num
226 2689 295 2742 sum
318 2688 467 2734 cessurus.
489 2672 678 2754 Tuncipse:
703 2673 804 2752 Velis,
833 2670 930 2752 aclis,
958 2672 1052 2734 hodie

141 2754 290 2832 oportebit
311 2762 342 2815 te
363 2774 526 2835 revocare,
548 2755 664 2837 alioqui
687 2756 736 2817 vel
757 2763 884 2837 propter
905 2755 986 2833 hunc
1007 2755 1051 2816 lo·

140 2853 199 2897 cum
221 2840 328 2899 omnia
349 2844 402 2898 tua
421 2838 505 2909 dicta
524 2839 689 2901 damnabo.

200 2920 240 2980 Et
253 2940 426 3001 quanquam
443 2921 565 2982 dicebat
577 2942 716 2983 essenon
736 2921 1051 3003 opinionibusDocto·

141 3020 206 3080 mm,
227 3004 282 3064 sed
301 3004 462 3085 Scriptum
477 3006 592 3066 sanctis
606 3012 638 3066 et
649 3005 818 3066 canonibus
832 3022 952 3065 mecum
970 3012 1052 3065 actu-

141 3087 429 3167 rum,necsyllabam
438 3087 1052 3169 tamenflcripturaecontrameproduxit,
1161 3123 1163 3133 ·

142 3186 200 3228 cum
213 3189 273 3251 ego
286 3176 393 3231 contra
404 3171 516 3231 multas
529 3171 699 3251 Scripturas
713 3190 769 3253 prc
785 3190 834 3231 me
856 3172 1049 3251 adducerem,
1096 3247 1099 3260 ι

143 3258 169 3310 ut
185 3252 282 3317 videri
304 3259 408 3334 potest
426 3255 457 3314 in
480 3254 628 3315 schedula
642 3255 852 3336 responsionis
866 3273 963 3315 meae.
984 3252 1050 3313 Nisi

142 3335 216 3415 quod
238 3336 277 3396 de
309 3335 452 3397 ellicscia
473 3343 734 3400 sacramentorum
756 3336 831 3399 milri
854 3336 985 3398 concilia
1005 3354 1050 3396 re·

144 3417 260 3505 ciebat,
288 3438 368 3499 quae
389 3440 451 3481 non
475 3422 607 3501 negavi,
629 3440 730 3502 neque
752 3426 859 3481 contra
881 3438 931 3479 me
951 3425 1048 3480 eraut.

143 3498 304 3563 labebatur
324 3509 427 3565 tamen
448 3505 529 3564 inter
549 3504 712 3565 dicendum
735 3520 857 3583 semper
877 3503 908 3561 in
932 3503 1051 3583 opinio-

145 3602 190 3646 nes
209 3586 387 3647 Doctcrum.
409 3586 449 3647 Et
467 3594 626 3667 exspecto,
647 3594 731 3667 peto,
753 3604 830 3665 rogo
846 3602 944 3664 usque
957 3583 1051 3646 hodie

145 3685 223 3728 unam
235 3668 409 3749 Scripturas
429 3671 633 3749 autoritatem,
656 3668 705 3729 vel
728 3678 904 3728 sanctorum
917 3668 1050 3747 Petrum,

145 3766 213 3828 qnae
233 3752 274 3813 sit
294 3758 402 3813 contra
422 3770 523 3813 meam
544 3753 626 3812 hanc
646 3751 839 3811 sententiam.

216 3832 257 3896 llt
271 3841 306 3895 ut
320 3832 384 3915 tibi,
404 3834 607 3896 illustrissime
627 3832 789 3919 Princeps,
817 3850 858 3891 ex
888 3829 982 3893 corde
1003 3830 1049 3892 lc·
