2600 4300
319 291 324 302 ¹
389 302 428 366 od
443 303 478 369 D·
494 304 641 369 latinum
659 301 817 376 hammum
1030 297 1073 369 lt

151 493 185 537 se
203 473 322 554 intuliq
341 476 374 536 in
396 493 521 536 arenam
543 473 591 534 his
612 473 682 537 telis
698 473 865 542 instructus
879 469 1075 552 descendam,

150 557 216 619 Deo
239 555 323 621 duce
345 564 377 620 et
397 557 510 618 comite
531 557 677 633 veritate,
700 555 782 636 quod
804 553 863 619 nisi
885 559 916 616 te
939 555 1075 616 omnium

151 638 265 701 iudicio
302 646 439 702 amavero
474 647 505 701 et
536 637 749 700 demonstrero
773 637 802 717 1)
841 635 942 718 (quod
973 644 1077 702 mmen

151 722 332 804 theologice
355 724 468 786 dictum
490 719 606 805 volo),
643 721 910 798 demonstravero,
942 721 1077 802 inquam,

151 803 234 888 quod
263 815 320 867 tua
348 805 431 868 dicta
455 805 609 867 haeresim
631 805 833 886 complicant,
862 803 936 866 nolo
965 801 1076 868 vivere.

151 887 211 950 Sed
232 887 277 949 do
298 889 346 950 his
368 907 450 950 nunc
471 889 555 951 satis.

231 971 358 1034 Deinde
400 990 475 1032 vero
506 977 573 1032 toto
609 990 691 1051 pene
719 970 825 1032 libello
854 976 907 1036 tuo
938 967 1077 1048 irriseris,

153 1053 234 1134 qnod
257 1055 338 1115 nihil
358 1054 509 1137 probem,
542 1053 626 1133 quod
655 1073 723 1114 cnm
746 1053 866 1114 Thema
895 1069 966 1112 meo
988 1050 1077 1114 nudis

152 1135 253 1198 verbis
278 1144 357 1200 utar.
400 1135 491 1212 Quod
519 1155 610 1216 quarn
638 1138 719 1198 iuste
739 1135 845 1213 iacias,
868 1135 985 1196 cunctis
1009 1154 1078 1197 mea

152 1219 345 1282 intuentihus
370 1220 484 1299 liquet,
511 1221 626 1300 quippe
654 1220 706 1298 qui
734 1225 765 1280 et
790 1221 822 1278 in
845 1216 972 1278 exordio
996 1224 1027 1278 at
1046 1217 1078 1278 in

153 1303 239 1366 calce
261 1303 382 1386 dialogi
403 1302 595 1383 apertissima
615 1301 717 1380 docui,
741 1321 790 1362 me
806 1301 881 1362 nihil
900 1299 983 1362 aliud
1004 1305 1079 1362 tunc

154 1385 280 1448 efficere
309 1385 462 1462 votuisse,
495 1387 553 1444 nisi
581 1386 753 1464 positiones
776 1390 885 1446 contra
905 1389 973 1444 tuas
995 1383 1077 1464 posi·

153 1469 255 1530 tiones
277 1469 310 1530 in
332 1467 486 1550 publicum
510 1467 637 1545 afferre,
660 1467 749 1528 simul
771 1474 805 1526 ut
826 1485 936 1528 cavere
958 1465 1079 1528 didicis·

154 1560 223 1612 sent
259 1552 418 1632 simplices
445 1557 513 1614 tuas
539 1549 713 1629 falsitates,
745 1555 818 1610 eta
846 1556 877 1610 te
899 1555 952 1610 tua
971 1547 1078 1612 funda·

154 1640 261 1696 menta
286 1643 519 1714 extorquerem,
541 1633 594 1713 qni
614 1632 720 1694 itidem
744 1631 841 1693 nudas
864 1639 932 1693 tuas
953 1633 1078 1712 positio·

154 1737 207 1778 nes
245 1717 341 1779 nobis
368 1717 532 1795 intuleras,
560 1722 593 1776 et
624 1715 704 1794 adeo
732 1715 1014 1796 amphibologicas,
1046 1721 1080 1778 ut

153 1800 318 1881 perplures
338 1801 483 1860 incorum
503 1799 659 1880 plerisque
680 1797 756 1860 nihil
776 1799 836 1860 nisi
857 1797 1079 1879 praesumptio·

156 1903 226 1944 nem
251 1890 284 1944 et
305 1883 467 1944 audaciam
488 1890 520 1942 et
542 1880 695 1943 eiusmodi
716 1881 827 1944 intueri
848 1887 985 1961 possent.
1010 1880 1079 1944 Hoc

156 1971 260 2027 autem
284 1985 326 2026 ex
347 1971 435 2046 parte
455 1965 538 2043 feci,
565 1965 638 2044 quia
661 1963 761 2034 nullus
790 1971 837 2038 est
857 1970 919 2024 tam
942 1965 1079 2042 insanus,

157 2050 208 2128 qui
230 2054 341 2110 nostra
362 2047 501 2108 conserat
522 2048 582 2108 tuis
604 2053 635 2107 et
656 2065 719 2108 non
740 2047 903 2128 praeferat.

216 2131 308 2203 ltem,
330 2132 423 2193 etiam
444 2135 478 2192 tu
499 2128 758 2211 inprobationcm
780 2137 900 2191 tuorum
914 2129 1079 2191 maximam

157 2215 345 2295 farraginem
358 2212 490 2293 edidisti,
509 2215 541 2274 in
564 2232 624 2293 qua
636 2213 766 2293 liqueat,
789 2213 864 2292 quid
881 2212 985 2273 valeas
996 2231 1079 2290 vere,

158 2305 188 2359 et
209 2296 285 2377 quid
306 2304 425 2374 tecum,
452 2298 485 2357 in
506 2314 568 2375 qua
588 2297 680 2357 etiam
706 2296 810 2357 divina
833 2295 1010 2374 eloquentia
1031 2314 1081 2357 co·

157 2380 333 2461 piosissime
362 2377 500 2459 quidem,
528 2378 585 2439 sed
610 2385 714 2439 tamen
745 2398 832 2439 more
860 2376 1081 2439 declamatorio

158 2465 254 2544 citas,
283 2469 315 2523 et
342 2462 422 2523 adeo
446 2462 618 2544 sapienter,
646 2468 681 2521 nt
701 2481 782 2542 pene
810 2460 885 2523 nihil
918 2460 1081 2541 proposito

160 2552 190 2607 et
208 2546 351 2607 instituto
373 2552 426 2605 tuo
448 2545 587 2606 attineat.
631 2544 692 2607 Sed
714 2564 815 2623 neque
836 2544 912 2605 illud
934 2543 1081 2605 miraculo

161 2628 386 2709 adscripserim,
409 2627 522 2707 quippe
544 2628 596 2707 qui
617 2646 668 2687 me
689 2627 932 2689 etThomastros
957 2632 1008 2698 (ut
1028 2633 1081 2689 tuo

162 2718 229 2773 utar
247 2710 386 2773 irrisorio
408 2708 582 2787 vocabulo)
608 2716 640 2769 et
660 2710 811 2771 Thomam
834 2710 933 2789 ipsum
956 2708 1083 2771 irrideas

163 2802 194 2856 ct
214 2793 404 2869 crimineris,
433 2791 516 2872 quod
538 2792 785 2853 distinctionibus
817 2794 931 2853 assueti
951 2792 999 2853 his
1022 2811 1084 2855 cre-

163 2876 218 2939 bro
238 2878 360 2938 numus.
383 2874 410 2936 Ο
432 2894 578 2956 magnum
598 2875 825 2938 Thomistarum
848 2875 1000 2953 dedecus,
1020 2877 1083 2936 imo

165 2960 327 3022 maximam
369 2957 510 3039 gloriam.
557 2955 602 3019 Tu
638 2959 738 3037 enim,
778 2959 830 3037 qui
862 2964 915 3019 tua
945 2957 1085 3022 doctrina
1118 2990 1123 2997 ·

166 3042 309 3105 mundum
330 3041 547 3123 innonaturum
569 3047 669 3121 putas,
692 3046 723 3101 ct
746 3060 924 3103 eversurum
946 3042 1084 3121 antiquo·

166 3146 231 3186 rum
251 3130 468 3203 monumenta,
490 3122 563 3183 dum
585 3124 753 3203 scripturas
776 3122 954 3185 indistincte
975 3124 1084 3185 intelli-

167 3208 226 3289 gis,
254 3208 342 3289 qnasi
364 3204 440 3267 nihil
461 3206 726 3285 aequivocationis
754 3212 807 3267 aut
827 3206 992 3287 analogiae
1014 3225 1085 3267 con·

169 3290 302 3370 tineam,
330 3295 558 3366 consequenter
585 3294 689 3350 antem
721 3289 850 3351 confuse
876 3288 1032 3369 intelligas
1057 3295 1088 3349 et

171 3372 281 3434 scribas
296 3379 328 3433 et
349 3370 474 3449 doceas,
495 3390 625 3433 necesse
647 3376 704 3433 est.
731 3368 939 3450 unoquoque
960 3373 1022 3432 ista
1035 3376 1088 3433 tua

172 3475 279 3537 magna
298 3455 422 3535 farrago
433 3452 579 3534 probarit,
601 3454 632 3515 in
656 3473 717 3533 qua
730 3456 788 3515 tuis
811 3454 899 3515 dictis
910 3455 954 3515 ita
975 3454 1086 3517 cohae

172 3546 238 3599 rent
256 3546 310 3601 tna
331 3555 411 3617 quae
433 3536 509 3597 citas
523 3537 709 3616 testimonia,
730 3538 809 3600 sicut
830 3544 916 3606 catus
938 3543 970 3599 st
990 3540 1075 3601 simis

226 3757 255 3829 *)
275 3760 305 3812 ln
324 3758 367 3814 sd.
385 3758 466 3815 lea:
488 3757 725 3848 demonstravero.
790 3769 795 3781 ·
835 3818 838 3827 ,
