2600 4300
656 151 672 184 t

391 329 428 384 sa
447 329 519 384 urar.
539 329 568 384 a
586 316 653 386 sin.
677 315 824 387 insanas.
1052 317 1074 388 a

158 507 291 580 tempore
313 500 420 580 (quod
440 507 473 561 tu
486 501 728 581 interpretaris),
753 500 928 594 sed‘tameu
944 499 1073 562 admitto

157 603 209 644 neo
232 583 348 644 duriter
368 604 459 665 agam
481 591 603 660 teoum,
630 584 796 645 reverebor
823 601 918 646 uanos
946 590 1015 645 tuos
1041 591 1075 646 et

157 667 330 746 (lignitatem
352 673 448 728 tuam.
490 668 569 727 Rem
590 669 689 748 ipsam
710 669 788 728 tueri
810 666 968 745 oouabor,
1000 665 1073 728 ideo

156 749 243 829 paulo
264 750 362 810 insius
385 751 436 811 hio
456 757 557 811 teeum
578 750 756 828 fabulabor,
785 757 819 810 ut
844 751 904 810 iam
935 749 1074 811 seeundo

156 841 247 892 totum
268 837 355 893 tuum
376 832 534 913 dialogum
556 834 741 896 subvertam.

228 915 384 993 Primum,
416 916 554 995 falleris,
580 917 751 977 reverende
772 924 874 996 pater,
899 917 930 976 iu
968 916 1072 992 ierb0,

156 1000 249 1077 agite,
277 1000 366 1078 quasi
387 999 419 1059 id
440 1007 541 1060 sotum
562 1001 724 1079 importet,
747 1017 837 1079 quem
859 1007 968 1060 oontm
988 999 1073 1060 habt·

156 1089 212 1140 tum
235 1081 419 1162 distinguas.
443 1082 527 1143 idem
549 1090 598 1142 est
619 1084 713 1158 enim,
735 1084 818 1164 agite
840 1083 1073 1162 poenitentiam,

155 1163 242 1243 quod,
264 1166 425 1244 poeniteat
444 1184 511 1241 vos,
534 1184 598 1242 seu,
620 1173 655 1224 ut
675 1185 767 1226 ausus
790 1172 838 1225 est
858 1167 1008 1245 interpres
1031 1165 1075 1224 la-

156 1248 229 1306 tinus
251 1248 323 1307 Aot.
340 1251 379 1310 2:
401 1248 603 1308 Poenilemini
626 1255 658 1308 et
678 1250 840 1308 salvamini
863 1255 920 1309 eto.
942 1248 1023 1308 Nam
1042 1254 1076 1308 et

98 1346 99 1352 ¹
155 1330 261 1389 Graeci
294 1337 487 1411 pannosae
509 1330 540 1408 ¹]
584 1331 702 1409 (quod,
736 1332 957 1412 poeaitentiam
981 1331 1074 1411 agite,

155 1412 356 1487 transferrmt)
378 1413 570 1493 resipiscite,
598 1433 654 1474 seu
675 1415 715 1474 ad
738 1413 870 1475 mentem
901 1421 932 1474 at
952 1431 1008 1474 oor
1027 1431 1073 1494 ra

156 1495 234 1572 uis,
260 1495 423 1576 siguum.
1027 1485 1076 1548 ¹³³

232 1577 419 1657 Quondam,
440 1579 604 1640 habitualis
624 1581 881 1660 illapoeuitentia
904 1581 952 1659 *),
975 1599 1033 1640 neo
1055 1599 1075 1640 a

155 1660 238 1721 vobis
259 1661 483 1742 intelligibilis,
517 1681 577 1722 neo
596 1663 691 1744 vulgo
714 1663 886 1740 tradibilis,
921 1663 1006 1723 nulla
1026 1671 1074 1724 est

98 1794 99 1821 ,
155 1743 231 1823 apud
254 1763 315 1821 me,
338 1745 393 1804 sed
417 1763 437 1803 a
457 1745 546 1806 vobis
568 1745 704 1808 oouflota
726 1765 765 1806 ex
788 1745 964 1822 Aristotele,
986 1765 1072 1826 prae·

156 1828 255 1887 sertim
278 1829 305 1886 si
327 1827 505 1907 qualitatem
531 1829 685 1906 quandam
708 1830 738 1888 in
767 1829 870 1889 anima
891 1837 1072 1909 perpetuam

156 1917 185 1968 et
204 1911 339 1970 otiosam
362 1910 542 1992 intelligitis.
579 1911 643 1970 Aut
664 1911 743 1972 dooe
764 1931 833 1972 eam
855 1931 894 1972 ex
917 1913 1075 1992 scriptura,
1153 1957 1156 1963 f

157 1993 306 2072 patribus,
329 1993 520 2071 canonibus,
541 1994 720 2056 rationibus.
742 1995 824 2056 Nolo
851 2001 900 2069 (ut
922 1995 1018 2073 soias)
1044 2003 1075 2054 ta

156 2082 204 2134 aut
225 2075 256 2137 Β.
279 2075 432 2136 Thomam
464 2076 565 2137 nudos
587 2077 701 2138 habere
723 2079 885 2169 magistros
907 2079 938 2138 in
961 2078 1008 2138 his
1029 2097 1074 2138 re·

98 2197 99 2208 κ
156 2159 223 2237 bus,
258 2178 338 2237 quae
360 2159 400 2219 ad
422 2162 555 2220 animam
577 2162 746 2240 pertinent,
775 2180 854 2240 quae
887 2162 956 2223 solo
979 2162 1073 2222 verbo

157 2241 354 2302 reinvitat
374 2244 530 2322 pasoitur,
551 2243 686 2322 ideoque
708 2264 786 2304 unus
817 2251 865 2305 est
893 2246 958 2304 eius
981 2244 1073 2325 magi-

99 2323 100 2398 Ῐ
157 2330 215 2383 ster
235 2324 385 2385 christus.
402 2325 493 2385 Hono
512 2332 615 2386 autem
636 2328 668 2386 iu
691 2334 721 2387 te
743 2328 921 2405 loquentem
945 2346 1008 2387 nou
1023 2346 1073 2387 au·

99 2403 100 2454 l
156 2406 214 2485 diu,
236 2407 293 2467 sed
314 2407 513 2469 Aristotelem
536 2416 568 2469 et
587 2409 753 2469 homiuem.

99 2537 100 2546 ,
232 2490 389 2568 Tertium,
427 2492 561 2571 pessime
581 2492 678 2570 faois,
714 2494 796 2572 quod
825 2510 920 2574 negas
943 2493 1074 2554 salvato-

99 2589 100 2646 }
156 2590 215 2631 rem
236 2573 443 2652 impossibilia
462 2575 604 2652 iussisse,
626 2576 696 2655 plus
719 2594 810 2655 quam
832 2577 968 2655 pessime
987 2576 1073 2653 inuis,

158 2654 235 2732 quod
268 2656 331 2716 hoo
363 2656 528 2717 falsitatem
551 2656 646 2717 audes
681 2658 847 2738 appellare.
892 2658 967 2719 Ideo
990 2660 1071 2718 euim

158 2756 275 2817 semper
296 2757 386 2799 orare
400 2747 541 2819 oportet:
582 2740 708 2801 Dimitte
721 2741 810 2803 nobis
831 2741 935 2801 debita
956 2747 1072 2815 nostra,

159 2822 224 2897 quia
234 2840 392 2900 nunquam
402 2821 533 2884 lauimus
549 2830 603 2883 aut
611 2823 775 2904 implemus
789 2824 934 2885 mandata
941 2824 1069 2899 Dei.**)

158 2902 217 2963 Neo
237 2922 403 2983 possumus
430 2906 461 2965 iu
483 2906 542 2965 bau
563 2907 626 2966 vita
646 2907 792 2987 implere,
815 2909 893 2968 siout
915 2907 948 2967 B.
970 2906 1073 2987 Augu·

159 2987 248 3045 stinus
276 2986 519 3066 locupletissime
547 2996 656 3049 oontm
677 2985 855 3051 Donatistas
885 2998 915 3051 et
937 2988 1073 3071 Pelagia-

159 3086 211 3129 nos
231 3076 369 3130 teatatur.
411 3069 472 3131 Sed
501 3076 533 3131 at
553 3070 665 3132 Paulus
687 3073 797 3134 Roma.
821 3077 848 3136 7.
873 3074 1016 3157 queritur,
1038 3092 1072 3133 se

159 3153 298 3230 oaptivari
321 3154 352 3213 in
374 3152 474 3231 legem
504 3157 639 3233 peooati,
668 3164 700 3216 et
726 3174 789 3217 uon
822 3158 925 3217 saoere
957 3155 1072 3216 bonam

160 3234 236 3311 quod
256 3235 339 3313 vult3
372 3236 512 3296 similiter
533 3244 564 3297 et
584 3237 673 3299 Gala.
697 3244 729 3303 5:
774 3239 853 3301 Caro
883 3238 1073 3317 ounoupisoit

100 3321 101 3332 ¹
160 3316 298 3377 adversus
321 3318 470 3399 spiritum,
492 3324 524 3380 et
544 3322 667 3400 spiritus
682 3322 828 3382 adversus
840 3340 972 3397 oannem,
995 3321 1072 3381 hasa

161 3400 233 3459 enim
256 3401 314 3461 sibi
335 3400 553 3478 adversantur,
575 3412 691 3465 utnon
715 3424 768 3483 ea,
791 3424 869 3485 quae
891 3404 1000 3479 vultis,
1029 3404 1070 3463 fa-

165 3677 240 3887 mi}
253 3678 799 3877 {ossittbrftibnbazirrrgbgsstsobolutiois
807 3756 931 3808 oontiota
943 3753 1070 3833 '‘Wlffl·

291 3838 401 3891 pomus
420 3839 485 3877 man
505 3839 524 3876 a
597 3840 633 3878 οι.
