2600 4300
127 299 298 426 frou
500 340 969 416 amnuens-remus

234 514 418 597 disputasse,
441 521 473 577 et
493 516 666 577 omnissub
680 514 809 597 pedibus
828 514 1014 578 sanctissimi
1030 513 1154 575 domini

235 600 331 661 nostrl
363 597 476 660 Leonis
500 601 535 662 X.
566 582 749 679 subieiisse,
777 608 812 660 ut
840 595 984 673 occidat,
1012 594 1154 675 vivifiea,

234 681 388 763 reprobet,
409 681 572 763 approbet,
593 683 673 742 siout
693 682 850 763 placuerit.
894 682 935 744 m
956 698 1067 740 voeem
1090 681 1155 740 eins

236 783 346 827 vorem
367 764 479 827 curisti
506 766 538 824 in
568 766 637 845 ipso
690 765 870 827 raesidentis
892 782 1073 846 agnoseam.
1116 762 1156 824 lit

234 848 371 931 legitime
391 854 547 929 protestor
567 866 617 908 me
639 784 715 908 aiiii
736 848 839 909 disere
862 856 916 910 aut
930 865 1041 927 sapere
1062 844 1155 926 velle,

235 930 318 1011 quod
346 948 410 992 non
443 933 475 991 in
504 938 536 991 et
557 950 596 991 ex
625 932 721 991 saeris
751 932 848 1009 literis
883 938 914 993 et
934 929 1156 993 aeclesiasticis

235 1013 372 1095 patribus
401 1014 558 1094 sacrisque
589 1014 759 1075 senonibus
781 1014 905 1094 probari
927 1020 1048 1097 potest,
1069 1020 1104 1073 nt
1123 1014 1154 1073 in

234 1094 315 1159 libro
338 1096 575 1159 Resolutionum
596 1094 734 1157 mearum
757 1097 855 1159 videri
866 1105 979 1180 potest.
1023 1096 1072 1156 De
1093 1112 1155 1175 quo

234 1178 337 1241 danao
358 1185 522 1261 protestor,
544 1180 625 1240 sieut
645 1180 722 1240 alias
743 1182 866 1261 saepius
891 1184 1081 1262 protestatus
1104 1179 1156 1239 tiri.

316 1262 434 1339 ideireo
458 1282 477 1322 a
497 1261 636 1343 praelato
667 1265 861 1324 sanctissimo
890 1264 1017 1324 domino
1047 1270 1156 1323 nostro

234 1345 328 1427 Papa,
350 1364 413 1407 non
436 1344 516 1407 bene
537 1344 713 1425 informato,
736 1348 863 1425 eiusque
884 1353 1052 1427 praetensa
1072 1364 1156 1406 com-

234 1429 391 1507 missione,
412 1428 452 1489 od
474 1426 640 1510 supradiati
661 1428 776 1489 domini
794 1429 1005 1493 procuratoris
1028 1428 1156 1489 Fisoalis

233 1513 409 1573 instantiam
437 1516 489 1587 (nt
509 1512 696 1592 praetertur)
719 1514 855 1593 signata,
883 1530 920 1573 as
940 1532 959 1573 a
980 1512 1155 1593 praetensis

233 1594 384 1657 iuditibus
404 1601 436 1655 et
457 1595 605 1655 oitstione
625 1594 815 1675 supradicta,
838 1614 875 1657 ao
896 1604 1064 1677 praetenso
1088 1614 1156 1676 pro·

235 1696 335 1756 ossen,
356 1684 464 1739 eontra
484 1696 534 1737 me
553 1678 686 1739 forsitan
696 1679 834 1739 instituto
857 1684 888 1739 et
900 1677 1105 1754 instituendo,
1126 1686 1155 1738 et

235 1759 375 1823 omnibus
406 1760 479 1821 inde
511 1760 626 1822 secutis
665 1767 696 1821 et
732 1763 897 1841 secuturis,
943 1769 975 1823 et
1015 1760 1155 1841 quolibet

232 1845 379 1925 ipsorum,
400 1860 459 1903 nae
479 1861 542 1903 non
555 1863 575 1904 a
590 1843 729 1923 quolibet
742 1844 843 1905 tuturo
856 1846 1049 1926 gravamine,
1072 1844 1154 1923 quod

233 1926 306 1987 mihi
326 1945 416 1987 exeo
428 1927 534 1986 venire
549 1927 673 2007 poterit,
695 1926 735 1987 ad
748 1928 974 1988 onustissimum
993 1927 1154 1988 dominum

194 2033 198 2042 ·
233 2012 264 2071 in
287 2008 408 2071 Christo
431 2016 564 2089 patrem,
586 2017 618 2070 et
637 2008 795 2070 dominum
818 2018 970 2090 nostrum,
992 2010 1153 2071 dominum

233 2091 380 2172 Leonem,
402 2091 506 2154 divina
526 2091 722 2174 providentia
744 2112 855 2176 papam
868 2094 905 2157 X.
928 2093 1040 2156 melius
1062 2093 1153 2155 infor-

233 2177 377 2238 mandum
399 2193 554 2258 protono,
584 2183 616 2237 et
641 2177 765 2259 appello
787 2179 817 2237 in
840 2178 887 2238 his
909 2179 1065 2259 seriptis‚¹
1082 2195 1154 2258 apo·

233 2260 390 2340 stolosque
403 2261 512 2340 primo,
534 2259 671 2320 seeundo
693 2267 724 2320 et
744 2262 845 2339 tertio,
861 2262 1023 2342 instanter,
1040 2263 1153 2321 instan-

231 2346 302 2422 tius,
324 2351 355 2404 et
364 2342 583 2403 instantissime
600 2342 673 2402 mihi
697 2343 761 2403 dari
783 2351 865 2424 peto,
889 2345 1005 2424 siquis
1028 2346 1078 2422 ait,
1103 2346 1151 2422 qui

231 2425 304 2488 milri
325 2426 399 2486 dare
424 2425 482 2485 hos
516 2425 648 2487 voluerit
677 2433 708 2487 et
734 2428 882 2508 potuerit,
910 2435 942 2487 et
968 2429 1150 2508 praesertim

138 2533 143 2542 ·
233 2529 253 2570 a
273 2509 373 2587 vobis,
394 2508 521 2568 domino
541 2508 688 2592 Notario,
722 2510 961 2588 testimoniales,
984 2509 1151 2571 subiiciens

230 2611 280 2654 me
306 2592 442 2671 mihique
469 2590 672 2652 adhaerentes
705 2599 736 2653 et
757 2591 925 2658 adhaerere
955 2593 1100 2654 volentes
1120 2595 1149 2652 in

231 2675 278 2737 his
304 2674 489 2756 protectioni
521 2692 559 2734 ao
599 2674 769 2738 defensioni
804 2676 932 2756 praelati
965 2677 1149 2737 sanctissimi

231 2753 348 2820 domini
368 2758 465 2818 nostri
486 2775 602 2838 papae,
632 2758 741 2818 melius
772 2759 977 2837 informati¹).
1021 2759 1063 2820 m
1083 2778 1150 2840 pro-

230 2849 329 2904 testor
355 2839 393 2901 de
422 2839 639 2920 prosequendo
672 2841 752 2902 hans
781 2861 880 2903 meam
908 2842 1146 2923 appellationem

230 2925 292 2986 suis
314 2922 502 3004 temporibus
522 2929 554 2983 et
584 2923 661 2984 loeis
693 2927 835 3006 oongruis
864 2944 920 3007 per
947 2927 1028 2986 viam
1063 2925 1148 2985 nulli·
1196 2929 1197 2937 ’

230 3008 301 3069 tatis
323 3006 460 3084 stelias,
482 3007 702 3086 proutmelius
725 3015 845 3090 potero,
868 3009 984 3089 optime
1007 3009 1082 3069 mihi
1105 3027 1146 3069 re-

202 3145 218 3156 ,
231 3097 351 3152 servata
362 3085 549 3164 resultarem
573 3089 716 3170 addendi,
732 3091 897 3163 minuendi,
912 3091 1063 3172 mutandi,
1085 3109 1146 3152 uor-
1195 3137 1196 3141 ,

229 3173 357 3257 rigandi,
379 3173 461 3233 etin
485 3171 591 3232 melius
603 3172 798 3254 reformandi,
823 3176 967 3256 omnique
990 3175 1053 3236 alio
1075 3177 1144 3235 imis

231 3257 390 3320 beneflcio
405 3273 527 3334 semper
546 3255 644 3316 salvo.

312 3339 414 3420 Super·
438 3336 545 3417 quibus
578 3339 721 3400 omnibus
755 3348 785 3400 et
814 3341 940 3422 singulis
970 3341 1144 3422 praemissis
1194 3331 1195 3345 ¹

229 3421 416 3502 praelibatus
435 3420 622 3481 reverendus
644 3421 735 3482 Pater
753 3423 788 3485 D.
811 3423 959 3484 Martinus
977 3423 1144 3500 Lutherius,

230 3521 337 3564 saorae
358 3502 722 3582 theologiaeprofessor,
745 3513 776 3566 et
787 3506 958 3586 appellans,
979 3506 1037 3567 sibi
1060 3527 1080 3567 a
1100 3525 1143 3565 me
1193 3511 1194 3549 l

229 3581 356 3644 liotsrio
388 3575 522 3663 publieo‘
545 3584 624 3645 intra
659 3589 791 3670 scripto,
831 3589 901 3649 loeo
935 3589 1142 3670 apostolorum

301 3759 331 3821 t)
348 3760 379 3812 ln
396 3760 441 3818 ed.
457 3765 532 3820 Jemr
548 3769 728 3824 informandi.
772 3767 804 3840 2)
826 3769 857 3822 ln
882 3770 925 3824 ed.
945 3773 1031 3840 princ.
1053 3769 1140 3824 deest:

229 3823 366 3881 ludim.
