2600 4300
274 243 280 256 ⁸
999 245 1006 275 Ι

219 317 284 416 ses
504 317 731 412 minoramus.
752 315 864 370 suasu

304 489 437 550 Primum
470 504 586 566 quaero
621 486 660 546 ab
694 485 806 564 insigni
839 489 943 544 vestra
973 477 1148 562 prudentia,
1203 485 1204 548 ζ

223 569 334 651 quibus
355 572 395 630 sit
416 570 609 651 evangelium
631 568 755 645 datum,
787 564 941 646 lapidibus
970 581 1013 626 an
1036 559 1148 641 liguis?

222 653 255 716 Si
277 651 469 730 homiuibus,
491 672 545 712 eur
566 669 642 732 ergo
664 668 727 712 nou
750 657 891 711 tenentur
912 644 1151 728 praeoepoosi

224 745 339 814 tenere,
362 736 486 815 quaudo
508 734 645 796 cbristus
669 733 758 811 didit,
790 731 836 794 Ne
858 751 952 792 uuum
974 730 1045 790 iota
1066 745 1150 869 prae
1203 741 1204 798 3

223 817 404 882 teritorum?
439 817 539 879 Doleo
575 819 652 878 miro
687 815 780 878 modo
814 832 870 877 vos
902 811 1065 874 luooosuti
1078 811 1151 869 istos
1203 873 1204 878 γ

223 911 254 962 st
274 901 474 966 Tuuioastros
496 902 541 960 sie
564 899 715 980 desipere,
737 904 771 958 ut
791 897 910 977 negetis
923 895 1071 958 homiues
1083 911 1151 952 ease
1203 913 1204 970 i

224 983 378 1046 debitores
401 983 573 1044 servandae
593 981 760 1044 voluntatis
783 988 813 1041 et
829 985 1071 1060 praeceptorum
1083 973 1151 1036 Dei.
1203 987 1204 1014 ³

224 1066 264 1128 Et
284 1085 366 1127 nuno
388 1064 510 1126 demum
526 1064 726 1126 dubitandum
748 1082 786 1123 ao
799 1061 1020 1143 disputandum
1043 1059 1095 1136 sit,
1113 1075 1152 1118 su
1203 1109 1204 1144 Ξ

226 1149 352 1210 obedire
374 1157 518 1228 oporteat
538 1147 739 1228 praecipienti
761 1145 850 1206 Deo?
876 1144 902 1206 0
925 1145 1024 1206 furor.
1058 1140 1154 1221 Igitur
1203 1171 1204 1218 3

224 1250 332 1293 omues
355 1230 502 1292 debemus
526 1237 623 1291 totum
645 1228 838 1309 evangelium
867 1234 898 1288 et
929 1226 1038 1288 omnia
1066 1242 1153 1304 prae·

225 1322 326 1395 cepta,
348 1313 402 1374 sed
424 1315 497 1392 quia
517 1332 580 1374 non
602 1330 785 1392 possumus,
817 1310 888 1371 ideo
910 1327 1019 1370 sumus
1041 1325 1152 1388 peona·

225 1405 323 1474 tores‚
356 1402 387 1457 et
423 1398 572 1456 ourrimus
600 1395 639 1456 ad
663 1395 804 1456 thronum
827 1390 1062 1457 miserioordiae
1085 1387 1152 1450 Dei.

225 1478 311 1540 Haeo
332 1487 379 1538 est
390 1478 425 1542 Β.
439 1479 604 1558 Augustini
625 1479 778 1538 sententia
794 1477 824 1536 in
847 1481 1015 1555 totaporte
1028 1479 1151 1534 oetava
1203 1519 1204 1524 η

225 1561 291 1622 Vos
313 1570 415 1622 autem
437 1560 577 1621 homines
599 1580 619 1620 a
640 1557 850 1624 misericordia
872 1557 991 1620 trahitis
1014 1554 1058 1618 ad
1079 1553 1154 1615 iudi·

225 1645 317 1719 oium,
339 1642 412 1703 dum
432 1662 495 1704 non
517 1643 615 1702 sinitis
632 1661 687 1704 eos
699 1661 768 1704 sese
782 1659 953 1721 agnoscere
966 1645 1153 1721 pensatores

97 1779 104 1792 r
225 1732 256 1786 et
276 1733 513 1806 praeceptorum
534 1725 593 1786 Dei
614 1725 780 1786 debitores.

308 1807 427 1892 Tertio,
443 1807 538 1888 .quod
563 1807 650 1868 nulla
678 1815 749 1868 suut
773 1805 927 1883 Consilia,
958 1803 1015 1866 sed
1046 1803 1153 1864 omnis

228 1891 385 1970 evangelii
406 1898 478 1950 suut
498 1899 673 1970 praecepto.
715 1889 801 1950 Haeo
820 1887 937 1950 invidia
957 1892 989 1948 et
1011 1886 1152 1966 nequitia

229 1982 332 2034 vestra
358 1975 486 2034 mentita
508 1981 564 2036 est.
601 1971 652 2034 Itli
681 1973 762 2032 euim
791 1973 836 2032 sie
865 1970 1026 2032 dixerunt:
1062 1967 1180 2030 Prae--

174 2056 319 2135 saepta
339 2055 511 2116 suutnltra
533 2054 685 2134 Consilio,
716 2061 762 2115 et:
797 2054 967 2134 Praecepta
987 2058 1063 2112 sunt
1085 2051 1153 2131 plus

228 2158 320 2218 quam
342 2138 488 2216 oonsilio,
516 2139 588 2219 quio
615 2137 745 2199 consilia
773 2143 844 2197 suut
864 2135 1017 2217 quaedam
1040 2132 1153 2213 media,

228 2220 336 2301 quibus
368 2221 487 2281 facilius
519 2220 685 2301 implentur
721 2228 900 2301 praesepto,
934 2224 967 2279 nt
995 2218 1088 2299 virgo
1124 2225 1154 2277 et

227 2302 320 2364 vidua
342 2310 396 2363 aut
415 2302 539 2365 eaeiebs
557 2303 675 2364 facilius
702 2310 804 2364 servat
830 2308 1047 2383 praseepturn:
1081 2299 1151 2361 Nou

227 2388 445 2466 concupisces,
467 2404 558 2465 quam
581 2387 778 2467 coniugatus,
805 2386 857 2465 qui
878 2384 1151 2464 oououpisoeutiae

229 2467 334 2547 aliquo
354 2467 447 2529 modo
469 2468 560 2529 aedit.
671 2469 676 2480 '

311 2548 438 2626 Quarto,
458 2550 541 2630 qnod
565 2549 710 2611 Oenones
732 2550 847 2613 dooent
867 2549 1030 2629 luxuriam,
1053 2550 1150 2609 avari·

229 2634 313 2712 tiam,
336 2632 521 2713 superbiam,
543 2639 575 2693 et
596 2632 679 2711 quod
701 2640 772 2693 sunt
793 2632 966 2695 contrariae
982 2630 1149 2712 Soripturis
1203 2632 1204 2641 ’

229 2716 333 2778 saeris.
375 2715 417 2775 Et
435 2715 678 2778 booLeviathan
699 2722 801 2777 vester
822 2716 867 2777 sio
887 2713 1007 2777 addidit
1028 2723 1062 2775 et
1083 2733 1149 2794 per·

229 2800 330 2860 vertit.
377 2797 459 2859 Nihil
485 2800 565 2859 euim
604 2806 688 2859 reete
722 2798 834 2878 aooipit
859 2815 994 2876 uuquam
1021 2796 1147 2858 invidia.

228 2878 276 2942 Illi
304 2879 461 2958 dixerunt,
496 2879 580 2960 quod
611 2880 755 2941 Cauones
789 2886 820 2943 et
847 2879 1026 2941 Decretalss
1063 2880 1149 2941 olent

230 2981 286 3023 seu
307 2964 430 3041 sapiunt
451 2962 617 3041 aliquando
639 2962 814 3043 superbiam
836 2969 867 3023 et
888 2963 1068 3041 avaritiam,
1090 2962 1148 3034 hoo

231 3050 287 3122 est,
310 3043 394 3125 quod
414 3046 447 3123 ii,
469 3047 520 3124 qui
542 3047 730 3123 stotnerunt,
754 3043 919 3124 aliquando
943 3046 1147 3123 quaesierunt,

232 3146 312 3207 quae
332 3145 392 3187 sus
412 3134 500 3203 sunt,
522 3127 590 3207 plus
613 3133 704 3207 quam
727 3130 896 3206 paritatem.
937 3126 1007 3189 Hoo
1028 3144 1085 3187 vos
1107 3126 1147 3186 di·

230 3211 298 3271 eitis
332 3208 445 3270 dooere
481 3208 666 3288 superbiam.
706 3210 797 3292 Rogo
831 3228 904 3271 vos:
940 3208 1011 3271 Nou
1045 3216 1147 3289 potest

226 3292 378 3371 superbus
406 3298 439 3355 et
457 3310 567 3351 avarus
589 3292 767 3372 praedicare
788 3294 963 3371 veritatem,
988 3298 1024 3353 et
1044 3300 1144 3353 tamen

231 3375 277 3434 sio
297 3374 514 3463 praedicando·
528 3374 622 3453 olere,
644 3394 792 3454 quaerere
813 3374 950 3437 luorum?
983 3374 1069 3443 Siout
1093 3394 1144 3435 vos

230 3449 269 3515 iri
283 3455 344 3515 hoo
363 3456 521 3533 schedula,
542 3457 663 3517 etiamsi
683 3476 758 3519 vera
779 3457 943 3535 dixissetis,
964 3464 1069 3519 tamen
1090 3456 1144 3519 fra·

230 3543 349 3595 ternam
370 3537 515 3597 invidiam
537 3546 569 3598 et
582 3540 732 3599 asininam
746 3540 898 3599 inscitiam
914 3540 1035 3601 olerent
1046 3548 1144 3601 vestra

235 3616 337 3678 verba.
380 3618 502 3679 Deinde
521 3618 582 3681 hoo
603 3640 709 3684 verum
732 3632 789 3699 est,
810 3621 894 3701 quod
916 3621 1061 3685 Oenones
1081 3640 1142 3681 sae-

230 3696 356 3787 pissime
377 3698 541 3763 abutuntur
562 3700 740 3783 seripturis,
769 3710 801 3763 et
828 3710 908 3765 torte
934 3710 1096 3786 exponunt
1115 3704 1143 3763 iu

231 3771 323 3835 mum
347 3796 470 3839 sensum
492 3800 584 3859 quam
605 3802 662 3844 sno
685 3784 756 3846 looo
777 3784 903 3848 habent.
