2600 4300
238 324 307 406 iffi
475 338 479 348 ⁴
534 319 664 413 Epiton‘ia
681 333 888 414 Responsionis'

242 506 348 591 dantis,
370 517 401 572 et
422 510 606 593 ostenditur,
629 515 712 594 quod
734 512 842 575 leviter
862 516 1023 595 prooessit,
1048 516 1168 593 quiae)

241 596 300 655 susi
324 603 407 656 turae
427 596 509 658 male
530 599 592 657 sita
633 598 676 657 ita
698 596 781 679 quod
803 616 865 659 nnn
888 597 987 659 solum
1009 614 1078 657 non
1101 613 1173 655 oon-

241 612 382 757 eludunt,
400 677 471 739 ‘sed
498 694 555 740 neo
583 604 676 740 diram
706 686 777 739 sunt
804 678 843 740 ad
865 680 1079 761 propositum,
1115 679 1172 737 nisi

238 758 321 840 iord,
342 766 374 821 et
394 761 455 821 hoe
475 776 532 843 per
551 768 648 823 totum
673 761 782 822 librum
803 762 887 823 facit.

324 842 400 925 Cap.
423 847 471 909 10.
515 843 545 921 Q
587 845 605 905 d
628 846 668 904 sit
690 864 774 905 error
796 861 952 921 asserere,
974 842 1062 925 quod
1086 839 1174 922 Papa

240 943 304 1025 ⁰⁰³¹
323 924 1172 1077 1111111111111111111111111ἕὲ111111ἓῖ1·

241 1088 342 1173 gendo
365 1088 403 1151 de
424 1092 543 1173 poenis,
566 1107 642 1173 quas
667 1028 771 1154 digna
792 1072 905 1177 iustitia
928 1089 1055 1155 duobis
1075 1093 1173 1171 exigit

240 1188 297 1256 pro
319 1176 467 1253 peccatis,
484 1192 537 1233 sen
560 1192 639 1253 quae
663 1177 787 1235 veniunt
808 1178 838 1236 in
861 1176 928 1237 foro
944 1176 1071 1236 animae
1094 1172 1170 1235 tote-

239 1256 366 1319 randae.
851 1260 854 1265 '
937 1257 941 1269 '

281 1345 289 1373 ⁹
324 1338 363 1399 ut
378 1338 409 1400 2.
434 1339 642 1419 dissolvuntur
664 1342 768 1401 omnia
790 1340 855 1401 eius
878 1336 1074 1421 argumenta

322 1418 363 1481 m
385 1422 413 1483 3.
436 1422 605 1482 ostenditur
626 1439 695 1482 esse
716 1442 868 1503 errorem,
892 1424 974 1505 quod
995 1426 1028 1483 in
1050 1422 1170 1503 Purga-

239 1506 318 1566 torio
335 1499 383 1563 <Pa
407 1522 425 1563 a
446 1522 508 1564 non
531 1506 629 1587 possit
648 1508 803 1568 remittere
835 1522 967 1587 poenam
991 1506 1170 1581 Oanonum,

323 1523 626 1749 stimuum
649 1588 1167 1751 irruisti,usurus·

240 1768 309 1811 nem
331 1768 464 1831 poenam
487 1750 575 1812 huius
605 1755 685 1813 vitae
717 1754 826 1815 mutari
841 1719 879 1814 ’in
900 1770 1033 1837 poenam
1056 1718 1169 1815 mortis

236 1833 410 1894 voluntarie
433 1835 604 1897 toleratam.

321 1914 360 1976 m
388 1920 417 1981 d.
451 1916 599 1999 probatur
632 1918 794 1978 eeclesiam
827 1936 986 1979 romanum
1023 1927 1168 2001 tempore

239 1997 494 2081 Gregorii't’nisse
517 2008 619 2081 eaput,
642 2001 724 2081 quod
746 2002 805 2061 iste
827 2009 928 2081 negat.

321 2080 361 2142 m
382 2080 499 2164 ultimo,
522 2078 732 2144 Fundamenta
761 2084 843 2162 eius,
876 2101 956 2164 quae
984 2077 1058 2145 nihil
1084 2092 1166 2164 sunt,

239 2165 405 2229 diruuntur.
483 2218 487 2231 .

255 2244 269 2261 ‘'
321 2245 396 2328 Cap.
422 2251 469 2311 11.
513 2247 602 2325 Quod
633 2251 690 2310 iste
720 2247 912 2310 adversarius
942 2251 1022 2310 male
1049 2253 1165 2310 sentiat

239 2330 277 2392 da
298 2330 496 2411 Purgatorio,
530 2332 580 2392 ubi
609 2341 639 2392 et
666 2333 697 2392 iri
729 2349 847 2392 errores
870 2331 1101 2414 improbantur,
1135 2343 1164 2393 et

239 2407 445 2474 dissolvuntur
466 2415 619 2475 contraris
642 2421 832 2496 argumenta.

321 2495 453 2575 Primus,
485 2498 535 2557 via
555 2497 705 2573 hominis,
740 2503 886 2578 quant-um
911 2499 1161 2560 adcrementum

237 2574 449 2647 habituumet
470 2573 579 2642 merita
601 2598 739 2665 operum,
761 2599 824 2641 non
846 2579 999 2641 tinitur'in
1017 2589 1129 2642 morte.

245 2676 249 2685 ’
276 2665 282 2672 ’
321 2661 497 2740 Secundus,
528 2663 708 2744 imperfecta
726 2664 851 2724 'caritas
885 2665 1022 2724 morituri
1055 2683 1161 2725 neces·

237 2741 318 2804 sarid
332 2746 444 2805 'seeum
462 2743 523 2805 tert
544 2752 688 2826 magnur'ri
702 2748 853 2824 timorem,
875 2747 966 2808 etism
989 2756 1061 2828 post
1084 2760 1161 2808 mnr-

237 2835 309 2910 tem,
331 2836 478 2911 tantoque
500 2830 662 2910 maiorem,
680 2835 794 2909 quanto
816 2829 916 2890 minor
937 2829 1025 2890 tuerit
1045 2832 1124 2911 ipsa.

275 2911 279 2919 ⁴
305 2904 454 2995 Tertius,
489 2911 537 2971 hio
558 2907 660 2972 'timn'r
689 2923 719 2974 et
740 2913 848 2972 horror
869 2913 942 2972 satis
965 2921 1012 2972 est
1034 2931 1068 2973 se
1092 2914 1157 2974 solo

152 3057 156 3076 ι
238 2986 290 3069 (ut
313 2990 372 3053 alia
387 2997 532 3073 taceam)
557 2993 659 3056 faeere
676 3015 809 3078 poenam
827 2995 1005 3076 purgatorii,
1028 2999 1158 3056 sumsit

236 3075 395 3161 proximus
419 3074 806 3160 desperationis{horrori¹
939 3145 945 3160 Ι

249 3149 253 3162 ’
319 3156 463 3237 Quartus,
483 3161 603 3220 videtur
624 3153 777 3240 infernus,
804 3163 1014 3241 purgatorium
1035 3161 1067 3221 et
1088 3182 1154 3222 eoe-

237 3242 299 3327 lum
322 3241 456 3320 differre,
484 3244 563 3306 siout
589 3245 780 3326 desperatio,
810 3259 908 3324 prope
931 3243 1105 3324 desperatio
1128 3253 1155 3305 et

235 3317 383 3384 securitas
405 3323 553 3386 differunt.
953 3347 956 3354 ⁴
984 3347 988 3354 ·

152 3480 156 3488 ι
233 3465 265 3487 ,,
316 3405 455 3485 Quintus,
477 3411 683 3471 necessarium
707 3410 825 3474 videtur
848 3407 1007 3468 animabus
1034 3410 1065 3470 in
1089 3430 1152 3490 pur-

139 3497 148 3508 “
232 3489 355 3566 guterio
377 3491 455 3552 siout
477 3491 570 3555 minui
585 3493 755 3573 horrorem,
773 3495 819 3574 ita
834 3488 973 3555 erescere
988 3493 1151 3558 caritatem.

249 3756 254 3766 ι
289 3685 388 3804 p'psSie
406 3693 488 3774 etism
497 3692 656 3778 coloniens.
678 3704 704 3750 et
723 3697 884 3753 Lovaniens.
905 3685 1085 3780 respondent,
1104 3711 1151 3757 est-

236 3761 290 3842 que
339 3757 492 3815 esolennrs
512 3772 708 3831 magistrorum
739 3777 899 3824 nostrorum
924 3774 1023 3830 modus
1043 3791 1150 3846 respon·

273 3819 334 3876 ndi:
354 3822 425 3878 itale
444 3833 532 3883 citasti
551 3841 579 3885 et
598 3840 752 3903 exposuisti
772 3839 952 3910 scripturam.
