2600 4300
231 344 296 412 350
404 290 975 419 npimbmlltulsduuusnx,

296 534 373 598 (lum
385 538 395 600 i
429 543 487 617 tur,
498 536 582 617 quod
595 534 780 599 Pontiflouin
790 539 940 600 autoritas
950 538 1048 616 iussit,
1062 536 1149 619 negli-

231 622 321 703 gitur,
342 628 375 681 et
395 556 434 681 di
456 638 518 699 quo
541 618 722 700 dubitetum,
744 620 1025 702 imoimprobstum
1045 627 1102 699 ast,
1120 620 1147 681 id

232 702 332 765 solum
354 703 516 783 recipitur,
548 722 678 765 neeesse
707 710 755 765 est
783 704 936 766 interdum
963 702 1148 783 hallucinari,

231 787 385 849 somniare
406 794 437 850 et
458 787 610 870 paeantire
632 788 796 868 magistros
817 789 910 867 istos,
933 785 1045 869 quibus
1067 784 1149 847 debe

230 877 289 949 tur,
310 868 394 949 quod
413 870 592 931 nonsnlum
613 869 763 932 haetenus
787 870 940 933 Dootorss
961 868 1003 934 ab
1025 869 1151 935 ssolesis

230 955 347 1033 resepti
367 953 530 1015 solidiores
551 972 615 1015 non
636 954 730 1033 leoli,
752 953 807 1017 sed
829 954 968 1035 plerique
991 952 1147 1034 depravati

231 1043 302 1098 sunt
321 1043 414 1117 atque
435 1036 534 1097 mutili
554 1036 676 1098 redditi.
713 1098 717 1105 .

312 1119 463 1181 Tenemus
494 1121 533 1180 iis
553 1118 711 1183 sutoribus
733 1119 904 1200 pullulasse
924 1119 1021 1201 longe
1042 1116 1149 1199 plures,

252 1220 323 1263 uum
349 1222 485 1283 uuquam
511 1202 671 1268 damnatas
693 1202 787 1265 luisse
808 1202 960 1269 haereses.
1004 1202 1150 1265 Tenemus
1200 1264 1201 1269 ,

229 1222 482 1348 ἓιυοὴὶὶηίαιιαω
516 1287 749 1349 infamationem
782 1292 812 1349 et
849 1304 932 1349 nuno
959 1292 1151 1366 praesentem

229 1370 310 1431 haus
330 1370 620 1450 periculosissimam
644 1368 684 1431 de
703 1367 904 1450 Indulgentiis
932 1376 1026 1448 atque
1049 1386 1151 1428 censu-

229 1454 271 1514 ris
293 1454 473 1535 spostoliais
493 1452 751 1533 disceptationem
771 1452 819 1513 his
839 1453 1022 1533 perniciosis
1037 1451 1150 1515 ,autori-
1200 1486 1201 1489 =

229 1537 287 1599 bus
308 1539 339 1597 in
356 1536 503 1598 muudum
524 1554 703 1615 emanasse,
731 1534 840 1615 quibus
872 1536 931 1595 uisi
952 1533 1173 1595 Bestitndinis‘

230 1626 352 1681 vestrae
379 1629 410 1681 et
445 1618 770 1681 reverendissimorum
792 1618 915 1679 Petrum
943 1619 1091 1681 autoritns
1112 1616 1150 1679 ls-

229 1722 299 1785 gem
322 1701 477 1783 finemque
497 1704 688 1781 imposuerit,
712 1701 797 1762 brevi
818 1720 882 1761 uon
905 1700 1005 1761 solum
1034 1702 1150 1781 imperi·

230 1794 281 1847 tss
302 1787 464 1866 imponent
485 1785 680 1859 multitudini,
702 1782 757 1847 sed
780 1790 812 1844 et
824 1786 996 1865 principum
1019 1784 1149 1845 virorum
1200 1822 1201 1825 =

229 1868 288 1930 sibi
310 1888 415 1930 samm
443 1876 476 1929 et
508 1869 646 1929 favorem
669 1869 700 1928 in
723 1874 859 1927 mutuam
881 1868 1050 1948 perniciem
1071 1884 1149 1927 osm-
1200 1908 1201 1917 η

230 1952 388 2033 parabunt.
432 1950 552 2027 Quibus
583 1949 867 2011 siaonuiventibus
900 1950 998 2011 oeulis
1027 1968 1148 2029 uampus
1200 1946 1201 1957 ’

158 2096 163 2103 ,
230 2042 354 2116 apertus
376 2042 469 2114 etque
490 2033 567 2095 liber
587 2034 764 2111 dimittatur,
788 2032 920 2093 diturum
937 2039 995 2110 est,
1017 2039 1052 2093 ut
1072 2030 1148 2111 quod

230 2120 366 2180 omnium
387 2119 521 2180 maxime
541 2119 573 2178 in
590 2118 673 2180 votis
695 2114 820 2194 habent,
843 2121 878 2177 ut
897 2134 954 2197 pro
977 2116 1101 2197 optimis
1121 2122 1149 2178 et

229 2203 429 2264 sanctissimis
450 2201 636 2264 Dostoribus
664 2201 790 2261 istorum
813 2201 921 2262 nenias
950 2219 1026 2280 pras
1057 2198 1148 2262 oeulis

229 2284 345 2349 habers
365 2292 495 2366 sugatur
514 2292 598 2345 totus
619 2283 760 2344 mundus.

310 2369 397 2432 Haeo
418 2387 475 2449 pro
488 2367 634 2449 singulari
655 2373 762 2428 nostra
782 2365 930 2432 insedsm
946 2363 1144 2446 apostolieum
1192 2425 1196 2434 ,

228 2454 400 2514 reverentis
415 2450 601 2512 Restitudini
622 2457 745 2512 vestrae
765 2447 1015 2529 siguifiosvimus,
1037 2455 1073 2510 ut
1092 2448 1143 2508 siu·

229 2537 340 2596 sentus
362 2535 535 2601 Christiana
555 2531 729 2594 huiusmodi
752 2532 919 2594 temerariis
938 2530 1144 2611 disputationi-

229 2619 285 2680 bus
315 2625 347 2680 et
373 2618 520 2698 saptiosis
549 2617 737 2697 argumentis
758 2633 822 2676 uon
850 2612 989 2675 laedatur
1008 2621 1044 2676 et
1066 2631 1145 2677 seau-

229 2700 384 2768 dalisetur.
418 2701 483 2762 Nos
505 2701 587 2761 enim
609 2697 757 2779 quidquid
779 2717 872 2778 super
891 2697 938 2760 his
963 2703 1072 2758 suante
1092 2704 1145 2760 sta·

100 2848 101 2851 ,
229 2787 321 2846 tussit
339 2786 371 2845 ia
383 2784 524 2866 imperio
545 2789 653 2847 nostro
676 2781 715 2842 sd
735 2781 857 2842 laudem
880 2787 912 2841 et
931 2780 1085 2842 honorem
1093 2779 1146 2842 Doi

229 2868 462 2966 omnipotentis·
475 2873 508 2928 et
529 2866 640 2964 obnisu
667 2865 803 2926 fidelium
830 2863 960 2928 euntem
992 2861 1033 2926 ab
1056 2863 1148 2925 omni·

230 2949 286 3014 bun
308 2951 475 3095 ‹pippsrparisn
485 2950 749 3094 ippppppppafiom
763 3021 914 3110 imperiali
926 3027 1080 3110 Augusta,
1101 3025 1147 3090 dis

228 3119 336 3198 quinis
356 3119 467 3178 mensis
488 3117 636 3197 Augusti,
664 3114 756 3175 Anno
777 3111 942 3176 lllDXVllI.
971 3111 1146 3198 Regnum

113 3217 119 3231 ‘
228 3208 412 3280 nostrorum,
433 3201 566 3261 Romani
586 3198 741 3272 trioesimo
753 3197 855 3276 undo,
875 3194 1059 3276 Hungarise·
1075 3211 1144 3256 vero

228 3286 376 3348 maesimo
397 3301 491 3347 nouo.
