2600 4300
386 338 422 398 ss
441 345 513 400 mss.
532 341 562 399 n.
581 343 647 399 sur.
665 345 814 400 sessuri.
910 349 911 354 ‘
1029 341 1068 408 13

230 510 358 592 Quinto,
377 515 601 594 poenitentiam
620 513 759 576 secundo
779 513 873 575 modo
885 513 1067 574 satisfactio·

150 614 219 654 nem
241 595 336 654 etiam
358 616 429 658 esse
445 597 532 660 dieis⁴
558 599 637 660 ltem
659 599 748 660 tertio
770 595 864 658 modo
887 596 1068 660 satisfactio-

150 696 219 738 nem
240 696 311 738 esse
332 678 420 742 dicis.
462 681 503 742 Et
522 683 621 761 primo
643 679 754 757 modo,
788 679 813 739 si
835 685 883 742 est
903 678 995 742 dolor
1014 699 1067 740 vo·
1172 679 1177 686 ’

149 761 287 840 luntatis,
314 781 380 823 non
402 770 508 844 potest
528 764 609 841 fleri,
637 765 711 842 quin
733 764 851 842 etipse
871 761 1067 824 dolorsatis-

149 843 312 905 factionem
335 853 489 926 operetur.
529 847 639 928 Rogo,
669 852 745 924 quot
765 845 855 906 nobis
878 844 1002 906 tandem
1024 845 1067 906 di·

149 928 284 1007 stingues
318 929 566 992 satisfactiones?
614 929 700 990 Haec
728 927 800 990 idea
833 929 998 1008 impugno,
1034 937 1067 990 ut

149 1010 227 1070 hanc
247 1018 332 1072 tuam
357 1011 585 1074 distinctionem
614 1012 717 1074 denno
745 1019 863 1091 septem
893 1009 959 1072 aliis
986 1029 1067 1074 nove

149 1092 289 1154 confictis
333 1094 568 1158 disnnctionibis
594 1093 774 1171 defendas,
816 1113 912 1171 ¹more
961 1111 1067 1158 sacrae

150 1175 356 1239 scholasticae
376 1178 572 1259 theologiae,
593 1187 625 1239 et·
646 1185 709 1238 turn
732 1177 837 1255 dicas,
859 1195 967 1238 omnes
991 1177 1067 1238 nihi·

151 1259 281 1320 lominus
303 1262 337 1320 in
358 1262 455 1324 verbo
477 1261 590 1324 Christi
609 1260 797 1338 intellectas,
820 1269 857 1322 ut
881 1259 1066 1340 persuadeas

149 1341 237 1420 mihi,
267 1342 441 1405 doctrinam
476 1344 588 1406 Christi
616 1345 684 1406 sinc
709 1343 848 1406 Thomas
877 1351 908 1404 et
929 1343 1068 1407 silvestri

92 1451 100 1466 0
150 1425 396 1488 distinctionibus
424 1427 555 1508 intelligi
587 1445 650 1490 non
676 1446 786 1506 posse,
818 1425 850 1488 id
880 1427 962 1488 enim
990 1445 1068 1507 opus
1146 1431 1150 1438 '

149 1514 208 1585 est,
230 1516 265 1568 ut
285 1509 489 1589 persuadear,
516 1512 569 1591 qui
591 1510 744 1572 Christum
772 1511 831 1570 nisi
860 1510 926 1570 sine
945 1509 1067 1572 Thomu

149 1590 276 1671 intelligi
300 1594 351 1651 vix
374 1593 478 1654 eredo.

228 1673 342 1752 Sexto,
376 1675 474 1738 libera
500 1696 565 1750 me,
604 1695 737 1755 quaese,
771 1695 810 1736 ex
843 1675 890 1738 his
917 1678 1065 1756 augustiis
1108 1713 1118 1730 .

148 1758 232 1818 meis.
275 1757 309 1819 Si
329 1758 455 1818 verbnm
477 1759 590 1822 Christi
611 1766 715 1838 potest
741 1759 873 1838 intelligi
898 1758 937 1820 de
965 1777 1065 1822 sacra·

90 1852 91 1883 t
148 1840 273 1900 mentali
296 1843 497 1921 poenitentia,
518 1844 700 1922 praesertim
722 1842 811 1902 tertia
834 1843 899 1902 eius
914 1848 1012 1921 perte,
1032 1842 1064 1902 id

90 1938 91 1953 ¹
150 1933 208 1999 est,
239 1925 467 1998 satisfactione,
498 1925 623 1987 verbnm
651 1931 755 1986 autern
778 1923 891 1984 Christi
911 1933 959 1986 est
979 1943 1065 2005 pras·

90 2000 91 2007 '
149 2015 269 2085 ceptum
291 2007 544 2084 iminutahile*),
567 2007 724 2086 quomodo
746 2006 789 2086 lit,
811 2014 844 2068 ut
862 2003 1066 2070 sacerdotalis

90 2161 91 2164 Ἴ
149 2097 285 2169 potestas
306 2091 560 2153 sacramentalem
577 2090 819 2154 satisfactionem
834 2097 940 2171 mutet,
963 2090 1065 2159 dando
1117 2079 1123 2104 ⁴

90 2175 91 2182 ’
149 2172 354 2254 indulgentias
387 2182 419 2235 et
447 2176 643 2237 remissiones
676 2174 911 2237 satisfactionis?
954 2175 1065 2237 Nonne

149 2256 232 2317 vides
254 2258 305 2316 vel
327 2258 420 2318 sliam
449 2276 519 2321 esse
537 2259 781 2319 satisfactionem
811 2258 1064 2321 sacramentalem

150 2358 234 2416 quam
256 2359 341 2419 papa
365 2342 506 2420 remittit,
534 2342 653 2403 scilicet
682 2342 939 2418 ecclesiasticam,
968 2341 1064 2403 velsi

150 2422 253 2483 eadem
275 2431 343 2501 est,
371 2424 474 2485 nullas
497 2444 566 2485 esse
587 2443 715 2504 prorsus
734 2425 947 2502 remissiones,
970 2431 1001 2487 et
1021 2426 1065 2487 iu·

151 2504 319 2587 dulgentias
347 2526 418 2568 esse
444 2526 545 2569 meras
572 2508 748 2586 illusiones,
775 2514 808 2568 et
834 2508 992 2571 simulatas
1019 2528 1065 2569 re-

92 2623 93 2636 ,
150 2590 330 2649 missiones?
350 2590 421 2651 Non
442 2592 524 2651 enim
547 2591 702 2653 remittere
724 2596 828 2671 potest
848 2590 958 2669 honio,
981 2590 1064 2669 quod

150 2671 226 2731 Dens
248 2675 408 2753 praecepit
429 2677 461 2735 et
483 2673 599 2755 ligavit.

226 2755 382 2834 Septimo,
411 2757 436 2817 si
458 2757 627 2819 satisfactio
648 2755 918 2837 comprehenditur
939 2757 970 2817 in
991 2776 1064 2837 pne·

152 2838 273 2898 mtentia
293 2839 431 2900 secando
454 2846 486 2900 et
502 2842 592 2901 tertio
610 2840 716 2917 modo,
738 2847 865 2918 utraque
882 2842 984 2901 autem
1007 2848 1063 2917 est,

153 2938 224 2997 quse
245 2940 265 2981 a
285 2922 449 2983 sacerdote
469 2924 653 3004 iniungitur,
674 2940 769 3003 rogo,
795 2921 951 3001 quomodo
973 2924 1065 2987 stabit

153 3002 223 3065 haec
245 3003 424 3067 distimdo?
445 3005 683 3067 Sacramentalis
705 3006 788 3067 enirn
809 3006 977 3069 satisfactio
1001 3024 1064 3069 non

155 3093 205 3163 est,
226 3088 286 3147 nisi
307 3107 388 3165 qnae
411 3108 430 3149 a
452 3089 615 3151 sacerdote
634 3090 810 3168 imponitur,
833 3096 864 3149 et
886 3088 995 3151 eadem
1016 3094 1064 3152 est

93 3173 94 3180 ’
156 3167 199 3251 (te
218 3178 356 3248 autores,
378 3191 460 3250 quse
480 3174 571 3235 tertio
595 3171 688 3235 modo
711 3173 867 3252 accipitur.
898 3170 1062 3237 Iuremihi

154 3254 267 3313 reniam
289 3253 396 3333 dabis,
432 3255 458 3315 si
484 3255 563 3317 haee
592 3275 655 3316 non
678 3256 777 3336 capio.
819 3254 960 3317 Aeneum
982 3257 1064 3319 enim

94 3409 95 3414 ἵ
158 3342 293 3414 caputet
314 3354 423 3413 nasum
444 3337 576 3399 ferreum
597 3338 714 3417 haben,
736 3338 768 3399 id
790 3346 851 3416 est,
875 3338 1009 3399 indocile
1031 3345 1063 3401 et

155 3418 277 3498 incapax
308 3423 414 3481 tantae
448 3428 518 3482 tuae
550 3421 729 3502 theologiae
755 3422 927 3501 ingenium,
962 3422 987 3481 si
1020 3423 1064 3483 ita

155 3500 257 3579 placet.

229 3584 273 3645 Tu
295 3605 377 3647 nunc
398 3586 488 3668 vide,
522 3586 679 3667 quomodo
707 3586 970 3671 verbumChn'sti
999 3607 1062 3649 non

221 3852 248 3922 ⁸)
270 3853 390 3907 Verbum
411 3852 514 3911 Chrimi
534 3853 706 3909 immutabile
725 3856 909 3925 praeceptum.
