2600 4300
363 346 399 403 de
417 348 579 403 ilonarchia
596 350 696 405 Pontii.
715 350 838 405 llaximi.
1010 346 1066 415 li'd

145 516 256 577 nedum
286 512 452 594 coelestia,
484 518 539 580 sed
569 520 660 579 etiam
689 520 850 584 terrestris.
893 518 996 598 Atque
1025 520 1068 581 ita
1122 534 1126 539 ‘

145 619 241 680 egum
263 618 335 661 cum
360 602 478 682 populo
498 602 604 679 latino,
627 610 660 662 ut
681 604 724 662 ait
743 599 971 679 hicIohauues,
993 622 1067 684 pug-

145 683 230 745 nabit
250 685 466 765 temporaliter
487 704 556 745 cum
578 685 678 746 bestia
700 692 731 745 et
753 684 931 763 Saracenis,
963 694 994 746 et
1015 706 1067 767 ng·

145 785 200 825 nus
222 768 331 828 vincet
352 768 440 845 illos,
470 770 543 849 quia
565 770 631 829 iure
653 768 757 829 divino
780 768 839 829 soli
862 766 918 828 sibi
941 776 989 829 est
1010 776 1068 829 tra·

146 849 207 910 dita
229 850 415 911 universalis
439 851 628 929 monarchia,
658 858 688 911 et
711 858 758 912 est
779 851 862 911 solus
885 870 940 911 rex
961 870 1067 932 regum

145 942 175 992 et
196 932 344 994 dominus
366 934 599 1011 dominantium,
622 942 654 993 et
675 934 761 994 latini
784 936 835 1013 qui
853 941 1004 995 suntcum
1019 954 1067 1011 eo,

145 1025 215 1076 sunt
235 1018 342 1078 vocati
364 1016 404 1077 ad
426 1016 619 1095 bellandum,
648 1024 680 1077 et
702 1017 792 1077 electi
814 1017 853 1077 ad
876 1017 1066 1097 regnandum

146 1098 425 1183 universaliter*),
454 1107 485 1160 et
511 1099 619 1160 fideles
643 1100 681 1159 ad
710 1100 954 1161 conservandum
977 1120 1067 1161 eveo·

145 1183 216 1262 gelii
239 1183 463 1243 monarchiam.
497 1182 524 1243 0
545 1190 659 1262 quanta
683 1185 742 1244 erit
762 1184 861 1265 gloria
882 1184 1068 1243 Latinorum.

145 1266 227 1326 Gerti
256 1268 317 1346 ipsi
346 1266 404 1328 soli
433 1274 505 1325 sunt
527 1266 634 1326 Enoch
664 1274 695 1326 et
721 1266 825 1327 Helias
852 1268 1000 1327 reservati
1028 1265 1067 1327 sd

145 1349 347 1429 pugnandum
365 1357 476 1412 contm
498 1349 708 1409 antichristum
738 1358 769 1409 et
797 1348 903 1410 felices
926 1351 1068 1410 victores.

228 1432 279 1492 Ad
301 1434 453 1493 rationem
476 1432 621 1508 dicimus,
654 1432 735 1510 quod
759 1432 841 1492 aliud
864 1440 995 1493 estnon
1018 1432 1068 1493 de·

145 1516 268 1576 tensare
298 1522 331 1575 et
351 1516 503 1590 minuere,
534 1514 619 1574 aliud
648 1516 814 1576 emendare
845 1523 876 1575 et
905 1518 1067 1596 corrigere.

145 1597 303 1678 Negamus
326 1599 428 1678 igitur,
451 1596 533 1675 quod
548 1596 686 1658 Christus
709 1614 771 1659 uon
794 1597 1000 1658 defensaverit
1021 1616 1070 1661 ec·

144 1682 271 1741 clesiam
295 1700 392 1758 suum,
414 1688 467 1739 aut
488 1680 679 1759 diminuerit,
709 1681 763 1743 sed
793 1680 873 1742 bene
895 1683 926 1741 iu
948 1681 995 1741 his
1017 1680 1068 1742 fla-

146 1763 236 1844 gellis
259 1765 398 1843 permisit
419 1771 522 1843 partes
545 1764 697 1824 ecclesiae
720 1764 859 1845 leprosas
887 1773 918 1825 et
940 1764 1069 1825 haereti·

146 1867 196 1907 ms
226 1853 320 1926 atque
348 1848 539 1907 scismaticos
566 1846 724 1927 flagellari.
775 1848 843 1908 Hoc
872 1856 974 1909 autem
1006 1866 1067 1908 nou

146 1938 193 1990 est
214 1933 261 1990 ius
283 1950 371 1990 suum
394 1950 456 1990 non
480 1930 658 2008 defensare,
686 1938 741 1990 aut
763 1931 801 1990 de
822 1932 887 1991 iure
909 1950 983 1991 suae
1005 1948 1069 1991 mo·

147 2014 290 2074 narchiae
312 2015 460 2089 minuere,
482 2012 536 2073 sed
559 2013 659 2072 solum
678 2012 843 2094 languidae
865 2016 942 2094 parti
966 2030 1068 2073 occur-

147 2116 229 2177 rere,
260 2105 353 2176 atque
383 2095 501 2158 mederi
527 2114 582 2176 per
608 2096 678 2156 illas
709 2096 876 2158 medicinas
909 2103 939 2157 et
969 2094 1069 2156 medis

148 2182 306 2261 tyrannica
327 2181 463 2259 bestiae.
496 2199 574 2258 quiae
602 2198 658 2239 sua
680 2182 830 2260 sapientia
853 2181 939 2241 novit
959 2179 1068 2240 melius

150 2284 187 2323 ex
212 2263 306 2324 edire.

188 2284 210 2344 p
231 2347 279 2407 Ad
303 2345 469 2406 secuudum
491 2345 640 2405 rationem
665 2336 792 2405 dicimus
815 2365 883 2406 cum
897 2346 1068 2426 Augustino

152 2449 240 2510 super
265 2430 321 2490 illo
354 2428 449 2489 verbo
479 2427 603 2488 Christi:
647 2428 715 2509 Ego
750 2449 812 2490 non
842 2449 909 2488 sum
939 2427 977 2489 de
1009 2427 1070 2489 hoc

153 2513 272 2575 mundo.
319 2511 428 2589 Aliud,
456 2511 569 2590 inquit,
598 2519 645 2570 est
669 2531 737 2572 esse
760 2513 797 2572 dc
820 2511 1015 2573 hosmundo
1040 2519 1071 2572 et

152 2597 228 2675 hinc,
252 2595 338 2657 aliud
359 2600 461 2655 autem
483 2612 552 2654 esse
575 2595 605 2652 iu
628 2594 689 2654 hoc
710 2596 836 2675 mundo,
859 2603 890 2656 et
910 2596 970 2657 hic.
992 2594 1070 2654 Elsse

155 2681 229 2739 enirn
254 2679 294 2738 de
315 2679 377 2738 hoc
399 2677 512 2737 mrmdo
535 2677 717 2737 esthabere
744 2679 811 2739 iura
839 2697 894 2738 sua
917 2699 936 2738 n
957 2677 1069 2738 mundo

156 2774 183 2821 et
207 2781 294 2823 more
323 2761 437 2822 muudi.
486 2760 528 2819 At
556 2759 693 2820 Christus
721 2779 782 2822 non
813 2761 918 2822 habuit
950 2763 996 2821 ius
1024 2761 1070 2820 sui

155 2847 236 2925 regni
258 2865 276 2904 a
300 2844 425 2922 mundo,
448 2843 502 2903 sed
525 2863 544 2901 a
566 2843 632 2902 Deo
655 2845 855 2924 promittente
877 2845 1069 2924 perscriptu-

156 2947 200 2987 rus
221 2928 360 2988 Danielis
382 2936 414 2988 et
436 2925 554 3006 angeli,
585 2925 668 3004 quod
692 2945 765 2986 suae
788 2927 984 2988 monarchiae
1008 2945 1069 2988 non

158 3013 209 3070 erit
229 3011 309 3087 linis,
332 3012 411 3070 sicut
431 3007 662 3090 praecedentes.

233 3094 381 3155 Similiter
401 3111 463 3153 non
484 3092 646 3172 acquisivit
668 3111 735 3152 eam
759 3111 844 3153 more
867 3093 987 3165 mundi,
1019 3093 1072 3152 rni-

160 3176 237 3237 litum
260 3176 454 3237 multitudiue
477 3183 509 3235 et
530 3175 638 3253 armis,
668 3175 722 3234 sed
745 3175 898 3236 miraculis
921 3181 949 3235 el
973 3181 1070 3236 morte

160 3259 235 3336 vicit,
255 3265 290 3319 ut
311 3260 510 3340 exposuimus
533 3277 626 3336 super
648 3259 784 3318 secundo
808 3259 918 3318 Esaiae
942 3257 1070 3338 prophe-

160 3350 203 3401 tae
224 3343 361 3412 dicentis,
376 3342 414 3402 de
436 3341 567 3401 Messias
594 3340 748 3402 militibus.
792 3341 981 3402 Convertent
1009 3340 1071 3420 gla-

161 3423 221 3485 dios
242 3443 315 3486 suos
337 3428 369 3485 in
398 3443 555 3499 vomeres,
589 3429 621 3484 et
649 3424 774 3484 lanceas
803 3441 874 3484 suas
907 3425 938 3482 in
967 3422 1071 3482 falces

161 3507 222 3568 lion
244 3508 359 3569 levabit
386 3509 465 3568 ultra
496 3525 573 3587 gens
604 3506 779 3587 apostolica
813 3513 919 3566 contra
948 3515 1071 3586 gentem
1163 3573 1174 3582 κ

164 3662 364 3677 *-

225 3769 255 3835 ‘)
278 3771 370 3822 llanet
387 3767 445 3819 alta
464 3775 557 3819 mente
576 3771 717 3833 repostum
736 3768 883 3832 imperium
899 3766 992 3818 ltaliae
1006 3769 1073 3818 sruc-

104 3839 111 3856 ⁸
164 3843 229 3909 tique
245 3844 348 3894 iniuria
365 3841 453 3908 regni.
487 3874 490 3878 ι

186 3947 270 3986 liutheri
283 3958 335 3996 opp.
353 3948 378 3986 V.
393 3946 419 3985 Α.
434 3945 515 3983 adres.
529 3943 573 3981 hist
601 3941 763 3990 t.p.v01.11.
888 3943 907 4005 8
