2600 4300
240 330 302 397 188
485 334 682 389 Musteus·
700 332 807 401 nisput
827 332 908 387 lauth.

238 501 305 563 aius
326 510 398 559 sunt
420 503 484 563 vita
505 508 537 571 at
557 502 699 585 spiritus,
719 500 792 563 ideo
815 518 946 563 neceme
967 506 1029 579 est,
1049 506 1084 561 ut
1100 518 1166 560 aum

140 620 145 627 ·
238 583 352 645 doceat
383 586 624 665 poeniteam,
658 601 739 664 quae
765 584 797 644 iu
831 580 940 664 spiritu
977 590 1012 644 at
1040 583 1167 643 varitate

238 667 338 748 agitur
350 665 404 748 *),
433 687 495 729 nos
518 674 623 729 autem
642 686 728 745 earu,
752 685 844 749 quam
872 666 947 727 ioris
979 685 1079 747 agere
1100 685 1168 745 pos-

239 756 309 809 sunt
330 748 539 831 superbissimi
560 746 761 831 hypocritae,
788 747 818 812 iu
841 749 962 809 ieiuniis
985 750 1052 811 suis
1076 745 1168 809 iacies

240 830 496 911 exterminanteb‚
529 834 560 893 in
587 834 708 913 angulis
739 839 881 910 orantes,
916 836 947 893 et
979 850 1052 893 cum
1091 830 1167 893 tubis

238 914 469 996 eleemosynam
486 917 642 977 iacientes.
688 912 776 993 Eam,
794 916 935 995 inquam,
956 914 1075 976 doceat
1088 914 1168 973 Chri-

239 1006 303 1058 stus
315 1007 448 1079 oportet,
461 1016 538 1079 quae
553 1000 583 1059 in
597 1001 681 1059 ouini
702 998 784 1059 vitae
796 1016 911 1079 genere
922 999 973 1079 agi
989 1004 1100 1079 potest
1106 996 1168 1075 **),

240 1100 331 1161 quam
352 1102 405 1142 rex
429 1084 461 1142 in
483 1101 632 1163 purpura,
661 1081 807 1141 sacerdos
834 1083 864 1141 in
888 1077 1059 1160 munditia,
1091 1082 1168 1159 prin·

239 1166 323 1244 cipes
344 1167 375 1225 in
397 1166 546 1246 dignitate
568 1184 631 1227 uon
655 1166 755 1225 uiinus
775 1170 907 1244 possunt
928 1183 1042 1245 agere,
1079 1182 1168 1242 quarn

239 1248 408 1309 monachus
434 1254 487 1309 aut
515 1248 673 1313 mendicus
702 1248 732 1307 in
762 1248 823 1307 suis
853 1245 959 1307 ritibus
983 1254 1015 1308 et
1037 1266 1168 1327 pauper-

239 1338 311 1403 tate.
335 1334 413 1393 sicut
424 1336 553 1413 egerunt
565 1330 675 1391 Daniel
698 1339 728 1389 et
750 1330 827 1391 socii
846 1330 893 1389 sui
908 1328 982 1411 m)
1008 1330 1041 1391 in
1069 1329 1170 1389 media

238 1413 408 1495 Babylone.
452 1410 602 1476 Omnibus
624 1415 706 1475 euim
733 1412 928 1489 hominibus,
961 1410 993 1473 id
1017 1421 1084 1490 est,
1108 1432 1167 1473 om-

240 1500 323 1559 uiuur
346 1497 517 1558 conditioni
538 1496 633 1559 debet
654 1496 821 1557 convenire
846 1494 988 1556 doctrina
1011 1494 1138 1557 christi.

321 1581 441 1658 Tertio,
475 1600 530 1661 per
558 1582 655 1641 totam
684 1578 776 1639 vitam
808 1598 931 1639 oramus
961 1586 992 1640 et
1013 1578 1167 1641 orandum

240 1670 302 1725 est:
340 1664 467 1725 Dimitte
488 1660 576 1725 nobis
605 1662 711 1723 debita
742 1668 865 1741 nostra,
900 1681 974 1723 ero
1008 1668 1080 1723 tota
1109 1664 1168 1722 vita

239 1746 461 1829 poenitentiam
484 1744 611 1829 agimus,
634 1752 666 1805 et
679 1742 876 1825 displicemus
892 1682 993 1823 nobis,
1015 1746 1079 1806 nisi
1103 1746 1167 1825 quis

240 1831 279 1890 sit
300 1832 343 1891 ita
364 1830 488 1908 stultus,
518 1836 550 1890 ut
578 1828 649 1889 ficte
677 1834 765 1912 putet
786 1826 935 1889 orandum
959 1826 1015 1889 sibi
1041 1848 1101 1909 pro
1125 1849 1166 1889 re·

240 1912 395 1975 mittendis
418 1912 539 1975 debitis.
581 1908 666 1973 Vera
688 1912 768 1971 enim
792 1920 871 1989 sunt,
895 1916 927 1971 et
948 1930 1010 1971 non
1029 1918 1189 1972 contem·-

240 1994 343 2057 nenda
365 1995 482 2075 debita,
518 2015 574 2077 pro
604 1994 714 2075 quibus
743 2012 832 2055 orare
857 1992 1011 2073 iubemur,
1047 1991 1165 2055 etiamsi

240 2080 301 2147 sint
335 2078 481 2158 venialia,
511 2098 573 2141 nou
602 2084 705 2139 tamen
728 2078 786 2137 nisi
815 2076 859 2137 eis
888 2076 1024 2137 remissis
1056 2077 1166 2137 salvari

237 2160 453 2248 possumus1).

557 2313 777 2375 Conclusio
799 2311 842 2373 ll.

322 2444 412 2522 Quod
434 2443 559 2506 verbum
582 2442 621 2504 ds
635 2442 851 2504 sacramentali
863 2443 1058 2522 poenitentia
1076 2450 1161 2518 (cuu-

238 2530 381 2595 fassionis
398 2535 430 2589 et
444 2527 671 2600 satisfactionis,
687 2543 766 2604 quae
783 2524 977 2586 sacerdotum
992 2527 1160 2588 ministerio

210 2611 428 2691 ‘mlcbratm
452 2629 514 2674 nou
538 2615 642 2689 potest
661 2606 800 2688 intelligi.

444 2693 532 2757 Hanc
552 2693 646 2755 ctiam
669 2709 774 2750 assero
796 2695 828 2750 et
848 2690 958 2770 probo.

240 2837 244 2842 .
322 2777 434 2854 Primo‚
456 2777 530 2856 quia
552 2775 744 2855 poenitentia
764 2774 997 2834 sacramentalis
1022 2782 1071 2835 est
1093 2782 1157 2835 mm-

241 2861 372 2944 pomlis,
394 2879 454 2922 nec
472 2865 577 2940 potest
596 2858 680 2918 omni
703 2863 861 2918 momento
884 2858 951 2936 agi,
979 2857 1096 2936 alioqui
1116 2875 1158 2916 as·

241 2945 328 3006 sidus
362 2962 431 3004 oum
463 2939 624 3003 sacerdote
659 2938 848 3019 loquendum
876 2946 959 3002 assat
991 2957 1050 3000 nac
1081 2938 1156 3002 aliud

242 3029 405 3109 quicquam
438 3024 607 3106 agendum,
638 3023 696 3084 nisi
729 3029 858 3102 peccata
903 3021 1156 3102 condiendum2),

241 3119 334 3192 atque
344 3108 585 3173 satisfactionem
596 3107 770 3186 impositam
784 3103 1068 3183 exsequendum).
1090 3104 1155 3166 Ideo

243 3214 306 3258 non
327 3198 432 3274 potest
452 3209 522 3252 asae
542 3170 617 3250 ¹arun
644 3188 727 3266 illa‚·
742 3204 832 3267 quam
857 3186 993 3251 Christus
1016 3188 1155 3286 praecipit

242 3278 363 3353 tollere,
384 3294 442 3337 uec
464 3280 513 3336 cst
532 3271 727 3334 mortificatio
749 3271 927 3350 passionum
950 3289 1059 3333 cuuis:

326 3358 480 3432 Secundo,
502 3354 734 3416 sacramentalis
756 3361 804 3414 est
825 3361 953 3414 externa
975 3359 1109 3432 mutum,
1128 3360 1153 3414 et

243 3443 445 3526 praerequirit
467 3442 635 3515 internam,
671 3439 738 3498 sine
769 3455 829 3516 qua
857 3435 932 3498 nihil
961 3437 1053 3500 valet.
1099 3435 1152 3498 sm

243 3529 322 3588 liaeo
342 3528 464 3587 interm
482 3531 539 3598 ast,
560 3528 594 3582 et
613 3521 681 3582 sina
703 3519 918 3582 sacramentali
939 3537 1009 3582 asse
1031 3525 1136 3600 potest

328 3607 450 3685 Tertio,
482 3602 712 3666 sacramentalis
745 3608 849 3682 potest
877 3621 947 3664 esse
968 3601 1055 3680 licta,
1086 3603 1152 3664 haec

322 3766 350 3830 l)
370 3767 401 3817 In
419 3768 461 3820 od.
478 3767 551 3818 lam:
571 3723 721 3834 possimus.
764 3766 794 3831 2)
814 3767 899 3820 loia:
929 3767 1152 3822 confitendi-exsa-

276 3834 393 3886 ·andam.
429 3836 593 3900 ‘liubana
614 3835 638 3889 b·
682 3839 838 3902 “mim
859 3838 884 3893 b·
925 3839 989 3902 ml
1010 3840 1114 3894 Domi.
