2600 4300
236 334 298 401 162
492 337 688 393 Medusa
706 334 910 405 nrm-tun.

231 505 398 587 tenuerint,
420 506 472 587 qni
493 513 602 568 eontra
620 525 741 569 morem
761 508 899 568 omnium
922 504 1098 565 stationum
1119 518 1163 557 ur-

234 590 293 669 bia,
315 598 379 650 tum
400 591 535 650 maxime
556 598 667 651 eontra
688 608 777 650 usum
794 587 935 649 effusoris
957 586 1045 647 iliius
1067 581 1164 643 indui-

235 673 408 754 gentiarum
431 671 509 733 sixti
529 674 628 751 quarti
662 678 748 733 mnia
768 670 881 731 flduoia
901 668 1109 751 pronunciat,
1134 672 1166 724 ut

235 756 328 815 ntem
351 762 478 815 moneat
498 756 655 835 praelatos
677 754 780 817 officia
802 772 866 830 sua,
888 754 921 813 in
942 752 991 813 his
1010 752 1044 829 ¹)
1076 749 1165 809 eorri-

236 836 345 918 gendis
378 845 471 917 atque
496 837 711 917 providendis,
746 830 906 897 iatusa‘et
930 832 1167 915 superstitiosas

236 919 399 1000 appellans
420 920 609 981 timlationes
630 920 737 980 talium
759 918 1022 999 indulgentiarum
1045 922 1108 977 eto

290 1038 294 1047 ·
318 1000 457 1079 Quinto,
477 1002 673 1081 respioiendo
694 1002 736 1063 ed
756 1003 958 1063 inventionem
981 998 1099 1060 latoris
1122 1014 1167 1056 ea

236 1101 372 1160 nonum,
409 1102 486 1165 quos
508 1094 623 1147 sertum
647 1092 696 1145 est
715 1103 763 1145 ne»
776 1085 932 1164 negitasse
958 1080 1108 1162 quidem,
1136 1086 1168 1139 ut

236 1168 389 1229 eiusmodi
413 1183 558 1249 ,meones
585 1170 818 1247 imponerentur
845 1166 1012 1227 morituris.
1069 1162 1166 1241 Finge

235 1251 318 1310 enim
355 1268 413 1309 nos
449 1252 638 1331 interrogare
676 1248 854 1333 pontifioem
889 1247 967 1309 tales
995 1247 1166 1307 ferentem:

235 1332 322 1408 Quos
341 1332 510 1413 intelligis,
538 1331 686 1409 oPeter,
721 1332 753 1391 in
781 1333 851 1411 lege
880 1330 951 1391 tua?
995 1331 1092 1391 vivos
1114 1334 1166 1386 aut

235 1414 397 1477 mortuos?
438 1414 518 1489 Quid
535 1414 746 1494 respondebit,
769 1415 842 1491 nisi,
863 1415 927 1473 imo
949 1414 1067 1489 ιίιοιι,
1093 1408 1164 1489 quid

235 1499 317 1557 onim
338 1515 409 1556 onrn
439 1499 567 1557 menois
587 1516 680 1579 agere
701 1514 845 1577 possum,
874 1497 926 1575 qui
948 1494 1074 1576 egressi
1097 1498 1165 1552 sunt

235 1581 336 1641 iomrn
358 1578 483 1639 meum?

304 1661 426 1739 ·'Sexto,
448 1661 662 1722 omdeiissime
681 1662 797 1721 iaceret
816 1658 961 1721 sacerdos
983 1658 1120 1734 Christi,
1141 1657 1164 1716 si
1197 1690 1198 1695 κ

237 1762 299 1805 non
312 1744 475 1805 ‘relaxaret
493 1744 595 1823 fratri,
624 1746 704 1806 sieut
732 1744 790 1805 sibi
812 1742 905 1803 vellet
925 1740 1009 1821 fieri,
1043 1748 1078 1801 et
1106 1756 1165 1798 uon

237 1834 285 1887 ast
305 1844 411 1905 eausa,
431 1844 528 1906 quare
550 1845 614 1888 non
636 1826 758 1905 debeat,
781 1844 850 1887 oum
873 1826 913 1887 sit
933 1828 965 1885 in
987 1826 1058 1885 eius
1082 1828 1163 1902 pote·

319 1992 470 2072 Septimo,
491 1994 517 2051 si
535 2010 672 2053 oenones
686 1991 924 2071 poenitentiales
939 1996 1072 2051 manent
1089 2004 1163 2047 mor-

237 2077 312 2154 tuis,
345 2074 454 2135 eadem
481 2076 602 2137 ratione
639 2081 671 2134 et
704 2076 796 2135 ceteri
828 2092 947 2135 omnes.
997 2070 1161 2133 Oeiebreut

237 2175 330 2239 argo,
350 2165 446 2238 agant
469 2158 567 2235 festa,
589 2165 620 2218 et
640 2159 764 2236 ieiunia,
786 2156 916 2238 vigilias,
939 2157 1047 2216 dioent
1071 2154 1160 2214 horas

237 2243 424 2317 panonicos,
452 2256 515 2301 non
543 2240 806 2316 medentem,
837 2239 901 2318 leo,
929 2257 1040 2300 earnes
1073 2236 1161 2297 sertis

237 2320 355 2400 diebus,
375 2323 432 2383 sed
455 2330 572 2389 tantum
587 2322 701 2394 oleum,
724 2324 835 2402 pisces,
856 2322 982 2400 fruetus,
994 2321 1025 2382 ie
1050 2321 1161 2394 umine,

236 2407 365 2468 induant
392 2412 496 2466 vestes
522 2405 624 2485 pullas
652 2407 702 2465 vel
736 2405 883 2466 candidas
911 2340 1160 2484 prodiderunt

237 2489 371 2567 dierum,
393 2496 425 2549 et
445 2488 507 2548 alia
528 2503 624 2548 onera
644 2489 840 2568 gravissima,
863 2487 970 2566 quibus
991 2503 1081 2566 nuno·
1098 2502 1159 2564 pre-

236 2572 328 2632 mitur
349 2573 461 2632 misera
487 2571 560 2642 iliu,
598 2571 673 2631 olim
701 2571 857 2631 liberrima
884 2569 1017 2630 eoelesia
1040 2567 1158 2628 Christi.

237 2654 303 2714 Neo
324 2655 405 2713 enim
428 2653 492 2716 ulia
513 2660 561 2713 est
580 2652 670 2731 ratio,
692 2671 786 2731 quare
807 2652 901 2732 aliqui
923 2649 1088 2731 aessenti')
1113 2665 1155 2709 aa
1197 2653 1198 2658 ’

237 2748 336 2798 nones
371 2743 500 2816 propter
530 2742 672 2814 tempus,
700 2743 732 2795 et
760 2753 824 2796 uon
853 2752 972 2798 omnes.
1013 2731 1108 2808 Quod
1135 2730 1158 2788 si

237 2825 360 2880 cessant
381 2819 444 2898 illa,
464 2837 543 2897 quae
565 2825 669 2878 tamen
692 2824 763 2879 sunt
783 2819 867 2880 bona
888 2823 919 2878 et
939 2817 1099 2877 meritorie
1118 2811 1153 2873 ad

236 2903 341 2978 uitem,
363 2919 417 2961 our
437 2920 500 2963 non
523 2903 621 2980 magis
642 2899 787 2961 sidietiva
807 2901 861 2960 ilis
879 2907 910 2960 et
930 2899 1048 2960 sterilia
1065 2904 1153 2976 atque

237 2984 439 3064 impeditius?
461 2983 510 3044 Aa
533 2983 583 3043 hto
603 2985 695 3044 etiam
715 2985 972 3064 permutationem
993 2981 1086 3042 nobis
1107 2978 1154 3038 iin-

237 3069 347 3149 gimus‚
369 3074 403 3126 ut
423 3068 502 3127 aiom
521 3067 608 3126 alias‘
620 3085 739 3146 poenas
760 3085 816 3147 pro
837 3066 898 3126 iliis
910 3065 1154 3146 proportionatae

237 3152 403 3232 patiuntur,
424 3151 468 3209 ita
487 3156 520 3209 et
539 3150 601 3208 alia
615 3166 711 3229 opera
726 3149 787 3209 illis
801 3149 1037 3229 proportionata
1048 3143 1153 3208 ibidem

236 3233 368 3310 iaciunt,
395 3239 428 3291 ut
447 3232 645 3292 nihilominus
681 3231 802 3292 dicendi
825 3233 899 3310 sint,
935 3231 1040 3311 legere
1070 3227 1153 3290 tons
1191 3236 1196 3240 ’

238 3314 431 3380 estoniensi
673 3320 675 3327 ’

248 3428 252 3439 ·
302 3388 456 3476 -00tavo,
482 3397 525 3456 ds
558 3397 640 3456 fanto
671 3395 796 3457 inflemis
828 3413 982 3477 corpores
1009 3395 1071 3454 etsi
1098 3411 1151 3452 non

123 3482 131 3495 ‘
232 3489 309 3541 sunt
329 3481 483 3561 morituri,
503 3479 654 3540 tolluntur
675 3497 811 3540 canones
828 3487 891 3540 tam
909 3477 1151 3558 poenitentiales,

239 3563 526 3643 quemmortaIeaff
549 3561 706 3622 Bauer-dos
728 3563 809 3638 enim
831 3561 968 3622 intirmns
990 3576 1053 3620 non
1078 3565 1151 3620 tene·

240 3751 341 3869 muti)
360 3751 443 3806 ibid:
481 3754 565 3804 officii
584 3757 642 3818 sui,
673 3756 701 3805 in
721 3729 773 3807 iis
820 3755 853 3820 2)
874 3755 904 3806 In
937 3751 979 3804 ed.
998 3751 1076 3806 Jen.:
1104 3766 1149 3806 eea·

419 3930 429 3964 1
