2600 4300
366 318 401 377 dc
420 318 581 382 Monarchia
596 319 696 375 Pontii.
720 318 841 377 Maximi.
1009 266 1071 385 ιιι)

162 498 324 568 aeternum,
359 498 391 551 et
417 492 465 551 ius
493 493 558 552 aius
587 492 674 553 alteri
698 491 814 571 populo
838 496 936 551 nont
924 490 1070 555 tradetur.

161 573 219 633 Hoc
239 536 395 652 prohhtur
397 574 536 635 Danielis
558 574 749 635 secundoct
718 574 902 655 etseptimo
919 574 1070 655 capitulis,

162 664 189 715 et
207 655 305 715 Lucae
326 656 435 735 primo

234 738 441 799 Tertiumt
393 747 452 815 est,
485 738 567 817 quod
601 758 709 800 omnes
739 739 818 799 aliae
841 739 1068 799 dominationes

160 822 198 881 his
219 840 281 881 non
305 821 462 881 subiectae
484 823 662 901 tyrannicae
694 831 780 882 erant
802 841 838 881 ac
860 824 1069 903 permissivae.

158 905 190 963 itt
208 905 286 965 ratio
309 911 357 964 est
345 904 449 980 ι,Ιοιι
480 905 551 983 quia
574 905 656 965 Deus
687 924 749 965 non
772 906 845 965 lacit
864 924 994 985 regnare
1016 905 1069 985 hy-

157 988 303 1083 pocritam
321 989 386 1047 sive
409 950 570 1067 ιιι-ιιιιιιιιιιι
604 996 711 1047 contra
741 988 879 1047 instituta
907 1007 926 1047 a
955 1007 988 1046 se
1017 988 1070 1047 do-

158 1071 251 1143 minis,
272 1071 333 1129 nisi
354 1078 480 1151 propter
500 1077 628 1149 peccata
652 1071 767 1151 populi.

230 1150 379 1227 Quartum
403 1160 464 1229 εει,
494 1151 576 1231 quod
599 1172 687 1213 verus
711 1152 877 1213 monarcha
899 1160 947 1211 εει
935 1150 1069 1213 tPonti-

93 1246 98 1301 :
157 1236 199 1295 fex
220 1238 388 1312 maximus,
416 1199 512 1309 radio,
540 1236 610 1336 quia
637 1236 665 1294 ei
688 1236 746 1297 soli
769 1234 913 1315 delegata
934 1244 996 1295 est
1003 1236 1068 1294 uni-

157 1318 275 1378 versalis
291 1318 409 1377 Christi
427 1312 595 1413 potestas,
615 1338 677 1379 non
701 1319 798 1378 solum
820 1316 935 1409 ligandi
958 1324 988 1376 et
1009 1316 1068 1377 sol

94 1417 99 1438 ¹
157 1400 256 1477 vendi,
289 1400 456 1461 sedatio
484 1399 545 1460 fide
573 1399 775 1460 confirmandi
806 1402 838 1460 ει
857 1419 964 1460 omnes
994 1418 1069 1461 oves

94 1525 99 1544 ι
157 1494 183 1546 ει
202 1503 300 1563 agnos
323 1482 532 1563 temporaliter
554 1482 719 1563 pascendi,
754 1490 787 1542 ιιι
809 1490 894 1563 patet
917 1502 955 1542 ex
979 1501 1069 1542 evan-

175 1568 249 1627 eliis.

157 1590 173 1647 g
232 1648 379 1723 Quintum
402 1657 458 1725 est,
481 1648 564 1745 quod
579 1648 809 1729 prohibitiones
834 1647 909 1707 duas
933 1646 1069 1707 Christus

96 1801 97 1810 ¹
155 1736 183 1793 in
202 1734 348 1811 passione
369 1733 528 1791 revocavit
549 1733 579 1791 in
602 1732 835 1791 resurrectione.
879 1730 980 1790 Prima
1001 1750 1069 1811 pro-

96 1853 100 1866 ·
155 1816 255 1876 bibitio
277 1815 349 1893 fuit,
383 1834 422 1873 ne
443 1815 523 1874 irent
511 1812 587 1873 tad
609 1812 847 1893 praedicandum
871 1812 1069 1873 samaritanis

96 1951 97 1970 2
156 1907 183 1957 et
202 1899 346 1978 paganis,
379 1895 434 1957 sed
463 1897 563 1957 solum
585 1896 695 1957 ovibus
717 1895 819 1955 lsrael.
863 1894 895 1955 Ιιι
920 1914 1069 1958 resurrec-

157 1983 235 2041 tione
256 1981 336 2039 hanc
359 1980 510 2039 relaxavit
531 1985 624 2073 propt
625 1999 661 2039 ει
679 1978 973 2061 promulgationem
980 1998 1070 2038 evan-

96 2093 97 2136 3
157 2064 224 2142 gelii
235 2062 365 2123 dicens:
396 2061 542 2121 Ειιιιιεε
534 2082 566 2121 ιιι
588 2060 734 2121 mundum
754 2062 926 2121 universum
951 2054 1069 2140 praedi-

96 2137 100 2185 ι
157 2155 221 2206 cate
248 2144 441 2226 evangelium
472 2146 555 2206 omni
585 2142 939 2206 creatu1·oe.Seounda
968 2144 1069 2224 prohi-

96 2232 100 2267 ²
157 2230 225 2289 bitio
247 2229 302 2288 luit
323 2228 363 2288 de
384 2229 521 2308 pecuniis
541 2227 824 2308 neuportandiset
812 2225 958 2308 tgladiis.
981 2225 1069 2308 Quia,

158 2332 219 2371 cum
241 2311 361 2371 ludaeis
383 2311 606 2391 praedicarent
584 2311 666 2372 tab
690 2313 733 2372 eis
754 2309 991 2406 recipiebantur:
1015 2309 1069 2370 sed

93 2456 94 2463 ¹
158 2397 223 2473 quia
250 2396 383 2454 futurum
420 2401 487 2454 erat
520 2393 689 2454 dominium
718 2393 861 2452 rnundi'
853 2413 883 2452 ιιι
914 2393 981 2452 eis*
988 2399 1070 2470 ιει
1097 2405 1103 2417 ‘

157 2477 389 2538 successoribus.
432 2477 549 2536 idcirco
583 2478 613 2536 in
644 2478 789 2556 passione
816 2477 863 2535 ius
885 2475 959 2535 illud
982 2475 1068 2536 abro-

96 2564 97 2573 ’
157 2562 236 2640 gavit
256 2567 288 2620 et
309 2560 393 2620 aliud
414 2579 471 2638 pro
486 2560 587 2619 futura
605 2559 786 2620 monarchia
799 2558 934 2618 condidit
947 2558 1067 2618 dicens:

158 2642 281 2718 Quando
305 2644 373 2702 misi
396 2661 452 2702 vos
480 2644 546 2702 sine
574 2641 699 2702 sacculo
730 2652 761 2701 et
794 2661 869 2721 pera
901 2648 932 2702 et
961 2642 1068 2702 caloia-

159 2728 273 2802 mcntis,
296 2725 371 2784 nihil
394 2724 481 2803 vohis
503 2724 607 2785 defuit.
631 2724 692 2786 Sed
715 2744 796 2784 nuno
819 2725 870 2803 qui
892 2723 985 2784 hahet
1006 2743 1070 2786 sao·

95 2860 99 2869 .
158 2809 272 2886 culum,
297 2807 386 2868 tollat
407 2807 545 2867 similiter
567 2815 597 2866 et
618 2815 794 2887 peram2et
815 2809 866 2888 qui
893 2827 955 2867 non
977 2807 1071 2867 hahet

95 2903 96 2913 ¹
158 2911 244 2967 arma,
267 2891 383 2951 vendat
404 2891 537 2950 tunicam
560 2898 591 2950 et
614 2897 697 2950 emat
717 2889 932 2970 gladium*⁴³).

236 2974 360 3034 Sextum
385 2981 445 3048 εει,
469 2972 551 3052 quod
573 2973 690 3052 absque
713 2973 871 3034 voluntate
893 2979 1016 3032 sanatus
1039 2983 1069 3032 et

160 3057 256 3135 populi
284 3057 417 3116 Romani
440 3055 660 3117 Constantinus
695 3055 799 3116 debuit
831 3057 987 3136 resignare
1015 3057 1068 3114 im-

161 3140 267 3217 perium
283 3138 440 3201 deestro.
469 3137 537 3198 Hoc
557 3146 651 3217 patet
675 3139 746 3216 quia
769 3139 828 3198 iam
852 3137 889 3197 ad
914 3137 1067 3197 Christum

161 3229 220 3280 erat
240 3221 386 3282 devoluta
407 3221 586 3282 monarchia
608 3221 673 3280 iure
695 3220 808 3284 divino.
853 3219 942 3294 Quod
966 3227 1067 3278 autem
1180 3223 1186 3244 ⁸

161 3304 259 3444 pistde
277 3306 341 3364 iure
364 3303 485 3381 divino,
514 3303 630 3382 absque
653 3312 777 3363 senatus
800 3303 941 3362 consulto
965 3301 1070 3362 debuit

181 3406 227 3447 en.
804 3411 812 3420 ·

234 3469 399 3549 Septimum
427 3477 490 3543 εει,
524 3467 607 3547 quod
628 3467 776 3530 Silvester
796 3467 915 3548 imperii
936 3467 1067 3548 gloriam

93 3714 94 3733 ι
223 3684 251 3752 ἰ
274 3683 353 3753 (Ειει
376 3682 429 3748 Qui
448 3684 560 3736 suerunt
578 3684 623 3732 isti
649 3681 715 3734 Eis?
740 3680 792 3735 ,Αιι
816 3679 936 3748 apostoli
955 3681 1066 3733 luerunt

92 3784 94 3803 ε
162 3754 254 3808 domini
271 3760 300 3808 in
321 3754 435 3808 mando.
473 3752 521 3818 ”J
542 3753 633 3806 Habes
653 3767 720 3822 ergo
741 3752 786 3804 hio
797 3753 956 3805 Pontificem
969 3751 1064 3822 gladio

92 3840 94 3895 ι
164 3834 287 3896 ornatum,
305 3829 454 3880 autoritate
473 3824 581 3902 Christi.

740 3888 854 3991 a·
