<?xml version="1.0" encoding="UTF-8"?>
<!DOCTYPE html PUBLIC "-//W3C//DTD XHTML 1.0 Transitional//EN"
    "http://www.w3.org/TR/xhtml1/DTD/xhtml1-transitional.dtd">
<html xmlns="http://www.w3.org/1999/xhtml" xml:lang="en" lang="en">
 <head>
  <title>
</title>
<meta http-equiv="Content-Type" content="text/html;charset=utf-8" />
  <meta name='ocr-system' content='tesseract 3.04.00' />
  <meta name='ocr-capabilities' content='ocr_page ocr_carea ocr_par ocr_line ocrx_word'/>
</head>
<body>
  <div class='ocr_page' id='page_1' title='image "./operalatinavari06schmgoog_0072.png"; bbox 0 0 2600 4300; ppageno 0'>
   <div class='ocr_carea' id='block_1_1' title="bbox 230 283 925 392">
    <p class='ocr_par' dir='ltr' id='par_1_1' title="bbox 230 283 925 392">
     <span class='ocr_line' id='line_1_1' title="bbox 230 283 925 392; baseline -0.019 -5"><span class='ocrx_word' id='word_1_1' title='bbox 230 319 272 387; x_wconf 74' lang='lat'>62</span> <span class='ocrx_word' id='word_1_2' title='bbox 375 308 377 311; x_wconf 32' lang='lat'>¹</span> <span class='ocrx_word' id='word_1_3' title='bbox 482 323 639 392; x_wconf 70' lang='lat' dir='ltr'>Responsio</span> <span class='ocrx_word' id='word_1_4' title='bbox 659 321 694 376; x_wconf 90' lang='lat' dir='ltr'>D.</span> <span class='ocrx_word' id='word_1_5' title='bbox 711 283 792 375; x_wconf 73' lang='lat' dir='ltr'>itert.</span> <span class='ocrx_word' id='word_1_6' title='bbox 812 322 925 375; x_wconf 81' lang='lat' dir='ltr'>Letheri</span> 
     </span>
    </p>
   </div>
   <div class='ocr_carea' id='block_1_2' title="bbox 230 491 1192 3637">
    <p class='ocr_par' dir='ltr' id='par_1_2' title="bbox 231 491 1151 652">
     <span class='ocr_line' id='line_1_2' title="bbox 314 491 1151 572; baseline -0.004 -21"><span class='ocrx_word' id='word_1_7' title='bbox 314 491 462 568; x_wconf 76' lang='lat' dir='ltr'><strong>Transeo,</strong></span> <span class='ocrx_word' id='word_1_8' title='bbox 483 511 564 570; x_wconf 87' lang='lat' dir='ltr'>quae</span> <span class='ocrx_word' id='word_1_9' title='bbox 583 493 617 550; x_wconf 84' lang='lat' dir='ltr'>iir</span> <span class='ocrx_word' id='word_1_10' title='bbox 628 492 859 572; x_wconf 85' lang='lat' dir='ltr'>sexagesimam</span> <span class='ocrx_word' id='word_1_11' title='bbox 880 509 996 552; x_wconf 88' lang='lat' dir='ltr'>nonam</span> <span class='ocrx_word' id='word_1_12' title='bbox 1019 509 1092 549; x_wconf 88' lang='lat' dir='ltr'>cnm</span> <span class='ocrx_word' id='word_1_13' title='bbox 1106 491 1151 548; x_wconf 94' lang='lat' dir='ltr'>tri·</span> 
     </span>
     <span class='ocr_line' id='line_1_3' title="bbox 231 574 888 652; baseline -0.003 -16"><span class='ocrx_word' id='word_1_14' title='bbox 231 575 291 637; x_wconf 90' lang='lat' dir='ltr'>bus</span> <span class='ocrx_word' id='word_1_15' title='bbox 309 574 506 652; x_wconf 75' lang='lat' dir='ltr'>sequentibus</span> <span class='ocrx_word' id='word_1_16' title='bbox 527 575 737 634; x_wconf 79' lang='lat' dir='ltr'>amarulentus</span> <span class='ocrx_word' id='word_1_17' title='bbox 759 575 888 634; x_wconf 77' lang='lat' dir='ltr'>evomis.</span> 
     </span>
    </p>

    <p class='ocr_par' dir='ltr' id='par_1_3' title="bbox 230 654 1192 1979">
     <span class='ocr_line' id='line_1_4' title="bbox 313 654 1152 738; baseline -0.005 -21"><span class='ocrx_word' id='word_1_18' title='bbox 313 657 363 717; x_wconf 87' lang='lat' dir='ltr'>Ad</span> <span class='ocrx_word' id='word_1_19' title='bbox 391 659 650 738; x_wconf 79' lang='lat' dir='ltr'>septuagesimam</span> <span class='ocrx_word' id='word_1_20' title='bbox 679 659 799 718; x_wconf 82' lang='lat' dir='ltr'><strong>tertiam</strong></span> <span class='ocrx_word' id='word_1_21' title='bbox 834 675 897 717; x_wconf 91' lang='lat' dir='ltr'>nou</span> <span class='ocrx_word' id='word_1_22' title='bbox 924 675 1006 736; x_wconf 91' lang='lat' dir='ltr'>nego</span> <span class='ocrx_word' id='word_1_23' title='bbox 1031 654 1152 734; x_wconf 87' lang='lat' dir='ltr'>quidem</span> 
     </span>
     <span class='ocr_line' id='line_1_5' title="bbox 232 737 1150 820; baseline -0.004 -20"><span class='ocrx_word' id='word_1_24' title='bbox 232 759 326 820; x_wconf 85' lang='lat' dir='ltr'>posse</span> <span class='ocrx_word' id='word_1_25' title='bbox 346 759 470 801; x_wconf 90' lang='lat' dir='ltr'>omnem</span> <span class='ocrx_word' id='word_1_26' title='bbox 493 759 598 800; x_wconf 89' lang='lat' dir='ltr'>cesum</span> <span class='ocrx_word' id='word_1_27' title='bbox 626 739 746 800; x_wconf 89' lang='lat' dir='ltr'>absolvi</span> <span class='ocrx_word' id='word_1_28' title='bbox 773 747 929 819; x_wconf 76' lang='lat' dir='ltr'>potestate</span> <span class='ocrx_word' id='word_1_29' title='bbox 957 739 1071 815; x_wconf 86' lang='lat' dir='ltr'>clavis,</span> <span class='ocrx_word' id='word_1_30' title='bbox 1102 737 1150 797; x_wconf 90' lang='lat' dir='ltr'>scd</span> 
     </span>
     <span class='ocr_line' id='line_1_6' title="bbox 232 823 1151 902; baseline -0.004 -19"><span class='ocrx_word' id='word_1_31' title='bbox 232 824 383 883; x_wconf 84' lang='lat' dir='ltr'>insaniam</span> <span class='ocrx_word' id='word_1_32' title='bbox 405 842 476 883; x_wconf 86' lang='lat' dir='ltr'>esse</span> <span class='ocrx_word' id='word_1_33' title='bbox 496 823 574 901; x_wconf 85' lang='lat' dir='ltr'>dixi,</span> <span class='ocrx_word' id='word_1_34' title='bbox 607 830 639 883; x_wconf 91' lang='lat' dir='ltr'>et</span> <span class='ocrx_word' id='word_1_35' title='bbox 660 823 746 899; x_wconf 92' lang='lat' dir='ltr'>dico,</span> <span class='ocrx_word' id='word_1_36' title='bbox 776 842 832 902; x_wconf 91' lang='lat' dir='ltr'>pro</span> <span class='ocrx_word' id='word_1_37' title='bbox 854 824 1012 882; x_wconf 88' lang='lat' dir='ltr'>veniarum</span> <span class='ocrx_word' id='word_1_38' title='bbox 1036 823 1151 900; x_wconf 83' lang='lat' dir='ltr'>mugni-</span> 
     </span>
     <span class='ocr_line' id='line_1_7' title="bbox 231 903 1151 985; baseline -0.004 -19"><span class='ocrx_word' id='word_1_39' title='bbox 231 904 364 983; x_wconf 83' lang='lat' dir='ltr'>iicentie,</span> <span class='ocrx_word' id='word_1_40' title='bbox 385 925 464 985; x_wconf 84' lang='lat' dir='ltr'>quse</span> <span class='ocrx_word' id='word_1_41' title='bbox 486 907 563 965; x_wconf 84' lang='lat' dir='ltr'>nihil</span> <span class='ocrx_word' id='word_1_42' title='bbox 583 912 713 985; x_wconf 88' lang='lat' dir='ltr'>prosunt</span> <span class='ocrx_word' id='word_1_43' title='bbox 734 905 772 965; x_wconf 89' lang='lat' dir='ltr'>ad</span> <span class='ocrx_word' id='word_1_44' title='bbox 796 907 897 982; x_wconf 90' lang='lat' dir='ltr'>vitam,</span> <span class='ocrx_word' id='word_1_45' title='bbox 919 903 1151 966; x_wconf 89' lang='lat' dir='ltr'>tamhorrende</span> 
     </span>
     <span class='ocr_line' id='line_1_8' title="bbox 232 989 1152 1068; baseline -0.001 -22"><span class='ocrx_word' id='word_1_46' title='bbox 232 996 369 1049; x_wconf 87' lang='lat' dir='ltr'>monstra</span> <span class='ocrx_word' id='word_1_47' title='bbox 400 990 559 1048; x_wconf 89' lang='lat' dir='ltr'>criminum</span> <span class='ocrx_word' id='word_1_48' title='bbox 593 990 624 1047; x_wconf 90' lang='lat' dir='ltr'>in</span> <span class='ocrx_word' id='word_1_49' title='bbox 658 989 833 1068; x_wconf 89' lang='lat' dir='ltr'>exemplum</span> <span class='ocrx_word' id='word_1_50' title='bbox 867 1007 996 1065; x_wconf 88' lang='lat' dir='ltr'>vocare,</span> <span class='ocrx_word' id='word_1_51' title='bbox 1032 995 1065 1046; x_wconf 91' lang='lat' dir='ltr'>ct</span> <span class='ocrx_word' id='word_1_52' title='bbox 1100 1005 1152 1065; x_wconf 91' lang='lat' dir='ltr'>pro</span> 
     </span>
     <span class='ocr_line' id='line_1_9' title="bbox 232 1071 1192 1152; baseline -0.003 -22"><span class='ocrx_word' id='word_1_53' title='bbox 232 1071 442 1152; x_wconf 73' lang='lat' dir='ltr'>magnitudine</span> <span class='ocrx_word' id='word_1_54' title='bbox 464 1073 627 1151; x_wconf 90' lang='lat' dir='ltr'>potestatis</span> <span class='ocrx_word' id='word_1_55' title='bbox 648 1071 780 1130; x_wconf 88' lang='lat' dir='ltr'>levicula</span> <span class='ocrx_word' id='word_1_56' title='bbox 800 1072 910 1130; x_wconf 82' lang='lat' dir='ltr'>iecere.</span> <span class='ocrx_word' id='word_1_57' title='bbox 955 1071 1003 1128; x_wconf 80' lang='lat' dir='ltr'>Ex</span> <span class='ocrx_word' id='word_1_58' title='bbox 1026 1089 1091 1148; x_wconf 90' lang='lat' dir='ltr'>qua</span> <span class='ocrx_word' id='word_1_59' title='bbox 1113 1071 1152 1128; x_wconf 92' lang='lat' dir='ltr'>in·</span> <span class='ocrx_word' id='word_1_60' title='bbox 1181 1115 1192 1138; x_wconf 36' lang='grc' dir='ltr'>χ</span> 
     </span>
     <span class='ocr_line' id='line_1_10' title="bbox 232 1151 1154 1230; baseline -0.004 -16"><span class='ocrx_word' id='word_1_61' title='bbox 232 1156 395 1214; x_wconf 89' lang='lat' dir='ltr'>sanissime</span> <span class='ocrx_word' id='word_1_62' title='bbox 417 1157 573 1214; x_wconf 85' lang='lat' dir='ltr'>veniarum</span> <span class='ocrx_word' id='word_1_63' title='bbox 589 1154 860 1215; x_wconf 89' lang='lat' dir='ltr'>commendatione</span> <span class='ocrx_word' id='word_1_64' title='bbox 875 1153 918 1230; x_wconf 89' lang='lat' dir='ltr'>iit,</span> <span class='ocrx_word' id='word_1_65' title='bbox 941 1161 975 1214; x_wconf 88' lang='lat' dir='ltr'>ut</span> <span class='ocrx_word' id='word_1_66' title='bbox 987 1153 1067 1212; x_wconf 83' lang='lat' dir='ltr'>viles</span> <span class='ocrx_word' id='word_1_67' title='bbox 1082 1151 1154 1212; x_wconf 86' lang='lat' dir='ltr'>fiant</span> 
     </span>
     <span class='ocr_line' id='line_1_11' title="bbox 231 1236 1152 1316; baseline -0.002 -20"><span class='ocrx_word' id='word_1_68' title='bbox 231 1238 432 1298; x_wconf 84' lang='lat' dir='ltr'>contritiones</span> <span class='ocrx_word' id='word_1_69' title='bbox 454 1245 486 1297; x_wconf 90' lang='lat' dir='ltr'>et</span> <span class='ocrx_word' id='word_1_70' title='bbox 506 1255 580 1296; x_wconf 86' lang='lat' dir='ltr'>vera</span> <span class='ocrx_word' id='word_1_71' title='bbox 600 1239 801 1316; x_wconf 87' lang='lat' dir='ltr'>poenitentia.</span> <span class='ocrx_word' id='word_1_72' title='bbox 829 1237 908 1297; x_wconf 90' lang='lat' dir='ltr'>Boni</span> <span class='ocrx_word' id='word_1_73' title='bbox 930 1236 1152 1316; x_wconf 78' lang='lat' dir='ltr'>praedicatoris</span> 
     </span>
     <span class='ocr_line' id='line_1_12' title="bbox 232 1318 1152 1402; baseline -0.004 -22"><span class='ocrx_word' id='word_1_74' title='bbox 232 1327 295 1397; x_wconf 89' lang='lat' dir='ltr'>est,</span> <span class='ocrx_word' id='word_1_75' title='bbox 317 1327 445 1399; x_wconf 83' lang='lat' dir='ltr'>peccata</span> <span class='ocrx_word' id='word_1_76' title='bbox 468 1324 520 1396; x_wconf 87' lang='lat' dir='ltr'>(ut</span> <span class='ocrx_word' id='word_1_77' title='bbox 542 1318 630 1401; x_wconf 82' lang='lat' dir='ltr'>sunt)</span> <span class='ocrx_word' id='word_1_78' title='bbox 654 1339 768 1402; x_wconf 84' lang='lat' dir='ltr'>magns</span> <span class='ocrx_word' id='word_1_79' title='bbox 788 1320 983 1399; x_wconf 81' lang='lat' dir='ltr'>praedicere,</span> <span class='ocrx_word' id='word_1_80' title='bbox 1007 1326 1042 1378; x_wconf 89' lang='lat' dir='ltr'>ut</span> <span class='ocrx_word' id='word_1_81' title='bbox 1064 1319 1152 1376; x_wconf 89' lang='lat' dir='ltr'>mise-</span> 
     </span>
     <span class='ocr_line' id='line_1_13' title="bbox 230 1402 1152 1482; baseline -0.002 -20"><span class='ocrx_word' id='word_1_82' title='bbox 230 1402 362 1462; x_wconf 85' lang='lat' dir='ltr'>ricordis</span> <span class='ocrx_word' id='word_1_83' title='bbox 383 1403 441 1462; x_wconf 87' lang='lat' dir='ltr'>Dei</span> <span class='ocrx_word' id='word_1_84' title='bbox 467 1402 688 1482; x_wconf 87' lang='lat' dir='ltr'>magnificetur.</span> <span class='ocrx_word' id='word_1_85' title='bbox 731 1404 794 1462; x_wconf 88' lang='lat' dir='ltr'>Aut</span> <span class='ocrx_word' id='word_1_86' title='bbox 823 1403 889 1479; x_wconf 88' lang='lat' dir='ltr'>dic,</span> <span class='ocrx_word' id='word_1_87' title='bbox 919 1421 973 1462; x_wconf 89' lang='lat' dir='ltr'>cur</span> <span class='ocrx_word' id='word_1_88' title='bbox 1003 1421 1069 1462; x_wconf 86' lang='lat' dir='ltr'>non</span> <span class='ocrx_word' id='word_1_89' title='bbox 1099 1419 1152 1480; x_wconf 92' lang='lat' dir='ltr'>pro</span> 
     </span>
     <span class='ocr_line' id='line_1_14' title="bbox 232 1484 1153 1566; baseline -0.004 -20"><span class='ocrx_word' id='word_1_90' title='bbox 232 1487 423 1546; x_wconf 76' lang='lat' dir='ltr'>contritionis</span> <span class='ocrx_word' id='word_1_91' title='bbox 444 1484 674 1566; x_wconf 88' lang='lat' dir='ltr'>magnificent-ie</span> <span class='ocrx_word' id='word_1_92' title='bbox 693 1487 794 1546; x_wconf 85' lang='lat' dir='ltr'>simile</span> <span class='ocrx_word' id='word_1_93' title='bbox 817 1485 931 1564; x_wconf 87' lang='lat' dir='ltr'>aliquid</span> <span class='ocrx_word' id='word_1_94' title='bbox 946 1484 1075 1544; x_wconf 90' lang='lat' dir='ltr'>dicunt?</span> <span class='ocrx_word' id='word_1_95' title='bbox 1099 1485 1153 1542; x_wconf 90' lang='lat' dir='ltr'>sci-</span> 
     </span>
     <span class='ocr_line' id='line_1_15' title="bbox 232 1567 1153 1650; baseline -0.002 -22"><span class='ocrx_word' id='word_1_96' title='bbox 232 1568 305 1628; x_wconf 91' lang='lat' dir='ltr'>licet</span> <span class='ocrx_word' id='word_1_97' title='bbox 325 1570 397 1646; x_wconf 86' lang='lat' dir='ltr'>quie</span> <span class='ocrx_word' id='word_1_98' title='bbox 418 1587 481 1628; x_wconf 92' lang='lat' dir='ltr'>non</span> <span class='ocrx_word' id='word_1_99' title='bbox 504 1570 659 1647; x_wconf 88' lang='lat' dir='ltr'>pecunias,</span> <span class='ocrx_word' id='word_1_100' title='bbox 682 1567 736 1628; x_wconf 89' lang='lat' dir='ltr'>sed</span> <span class='ocrx_word' id='word_1_101' title='bbox 759 1575 971 1650; x_wconf 85' lang='lat' dir='ltr'>paupertatem</span> <span class='ocrx_word' id='word_1_102' title='bbox 993 1569 1026 1628; x_wconf 88' lang='lat' dir='ltr'>hi</span> <span class='ocrx_word' id='word_1_103' title='bbox 1041 1585 1153 1626; x_wconf 90' lang='lat' dir='ltr'>sermo·</span> 
     </span>
     <span class='ocr_line' id='line_1_16' title="bbox 232 1650 1153 1712; baseline -0.004 -1"><span class='ocrx_word' id='word_1_104' title='bbox 232 1670 288 1711; x_wconf 88' lang='lat' dir='ltr'>nes</span> <span class='ocrx_word' id='word_1_105' title='bbox 308 1651 447 1712; x_wconf 87' lang='lat' dir='ltr'>afferunt.</span> <span class='ocrx_word' id='word_1_106' title='bbox 490 1651 524 1710; x_wconf 94' lang='lat' dir='ltr'>ln</span> <span class='ocrx_word' id='word_1_107' title='bbox 545 1651 638 1711; x_wconf 90' lang='lat' dir='ltr'>rebus</span> <span class='ocrx_word' id='word_1_108' title='bbox 660 1669 722 1711; x_wconf 91' lang='lat' dir='ltr'>non</span> <span class='ocrx_word' id='word_1_109' title='bbox 745 1653 926 1712; x_wconf 87' lang='lat' dir='ltr'>necessariis</span> <span class='ocrx_word' id='word_1_110' title='bbox 948 1669 1008 1709; x_wconf 91' lang='lat' dir='ltr'>nec</span> <span class='ocrx_word' id='word_1_111' title='bbox 1028 1650 1153 1710; x_wconf 89' lang='lat' dir='ltr'>utilibus</span> 
     </span>
     <span class='ocr_line' id='line_1_17' title="bbox 232 1733 1153 1813; baseline -0.003 -19"><span class='ocrx_word' id='word_1_112' title='bbox 232 1733 274 1794; x_wconf 88' lang='lat' dir='ltr'>sd</span> <span class='ocrx_word' id='word_1_113' title='bbox 296 1735 435 1813; x_wconf 86' lang='lat' dir='ltr'>ssiutem,</span> <span class='ocrx_word' id='word_1_114' title='bbox 458 1733 512 1793; x_wconf 87' lang='lat' dir='ltr'>sed</span> <span class='ocrx_word' id='word_1_115' title='bbox 527 1741 643 1794; x_wconf 65' lang='lat' dir='ltr'>mutum</span> <span class='ocrx_word' id='word_1_116' title='bbox 657 1735 813 1813; x_wconf 86' lang='lat' dir='ltr'>permissis</span> <span class='ocrx_word' id='word_1_117' title='bbox 826 1733 1030 1794; x_wconf 86' lang='lat' dir='ltr'>honorificum</span> <span class='ocrx_word' id='word_1_118' title='bbox 1054 1741 1153 1812; x_wconf 87' lang='lat' dir='ltr'>putas,</span> 
     </span>
     <span class='ocr_line' id='line_1_18' title="bbox 232 1816 1154 1894; baseline -0.003 -18"><span class='ocrx_word' id='word_1_119' title='bbox 232 1818 263 1876; x_wconf 92' lang='lat' dir='ltr'>iu</span> <span class='ocrx_word' id='word_1_120' title='bbox 298 1817 430 1876; x_wconf 87' lang='lat' dir='ltr'>ecclesie</span> <span class='ocrx_word' id='word_1_121' title='bbox 459 1818 517 1876; x_wconf 90' lang='lat' dir='ltr'>Dei</span> <span class='ocrx_word' id='word_1_122' title='bbox 549 1824 596 1877; x_wconf 90' lang='lat' dir='ltr'>tot</span> <span class='ocrx_word' id='word_1_123' title='bbox 629 1816 795 1877; x_wconf 87' lang='lat' dir='ltr'>auxesibus</span> <span class='ocrx_word' id='word_1_124' title='bbox 831 1824 957 1894; x_wconf 85' lang='lat' dir='ltr'>tonare,</span> <span class='ocrx_word' id='word_1_125' title='bbox 990 1832 1061 1874; x_wconf 88' lang='lat' dir='ltr'>cum</span> <span class='ocrx_word' id='word_1_126' title='bbox 1097 1833 1154 1874; x_wconf 90' lang='lat' dir='ltr'>nec</span> 
     </span>
     <span class='ocr_line' id='line_1_19' title="bbox 232 1897 1078 1979; baseline -0.002 -20"><span class='ocrx_word' id='word_1_127' title='bbox 232 1899 348 1960; x_wconf 77' lang='lat' dir='ltr'>Christi</span> <span class='ocrx_word' id='word_1_128' title='bbox 368 1901 545 1979; x_wconf 87' lang='lat' dir='ltr'>passionem</span> <span class='ocrx_word' id='word_1_129' title='bbox 568 1901 613 1963; x_wconf 88' lang='lat' dir='ltr'>sic</span> <span class='ocrx_word' id='word_1_130' title='bbox 636 1900 713 1959; x_wconf 88' lang='lat' dir='ltr'>velit</span> <span class='ocrx_word' id='word_1_131' title='bbox 732 1899 864 1967; x_wconf 81' lang='lat' dir='ltr'>ecclesia</span> <span class='ocrx_word' id='word_1_132' title='bbox 885 1897 1078 1978; x_wconf 89' lang='lat' dir='ltr'>praedicari?</span> 
     </span>
    </p>

    <p class='ocr_par' dir='ltr' id='par_1_4' title="bbox 234 1981 1153 2229">
     <span class='ocr_line' id='line_1_20' title="bbox 317 1981 1152 2062; baseline -0.004 -21"><span class='ocrx_word' id='word_1_133' title='bbox 317 1983 350 2041; x_wconf 93' lang='lat' dir='ltr'>lu</span> <span class='ocrx_word' id='word_1_134' title='bbox 387 1983 615 2062; x_wconf 85' lang='lat' dir='ltr'>septuagesima</span> <span class='ocrx_word' id='word_1_135' title='bbox 643 1983 749 2060; x_wconf 90' lang='lat' dir='ltr'>quinta</span> <span class='ocrx_word' id='word_1_136' title='bbox 778 2001 841 2042; x_wconf 91' lang='lat' dir='ltr'>uon</span> <span class='ocrx_word' id='word_1_137' title='bbox 870 1981 931 2042; x_wconf 86' lang='lat' dir='ltr'>dixi</span> <span class='ocrx_word' id='word_1_138' title='bbox 962 1999 1076 2061; x_wconf 84' lang='lat' dir='ltr'>papam</span> <span class='ocrx_word' id='word_1_139' title='bbox 1103 1981 1152 2038; x_wconf 90' lang='lat' dir='ltr'>mi-</span> 
     </span>
     <span class='ocr_line' id='line_1_21' title="bbox 234 2066 1153 2144; baseline -0.003 -19"><span class='ocrx_word' id='word_1_140' title='bbox 234 2066 455 2141; x_wconf 85' lang='lat' dir='ltr'>norcmPetro,</span> <span class='ocrx_word' id='word_1_141' title='bbox 476 2067 539 2125; x_wconf 91' lang='lat' dir='ltr'>imo</span> <span class='ocrx_word' id='word_1_142' title='bbox 561 2066 655 2143; x_wconf 87' lang='lat' dir='ltr'>nolui,</span> <span class='ocrx_word' id='word_1_143' title='bbox 677 2073 710 2124; x_wconf 88' lang='lat' dir='ltr'>ut</span> <span class='ocrx_word' id='word_1_144' title='bbox 730 2082 842 2144; x_wconf 88' lang='lat' dir='ltr'>papam</span> <span class='ocrx_word' id='word_1_145' title='bbox 867 2072 899 2124; x_wconf 87' lang='lat' dir='ltr'>et</span> <span class='ocrx_word' id='word_1_146' title='bbox 916 2066 1040 2124; x_wconf 90' lang='lat' dir='ltr'>Petrum</span> <span class='ocrx_word' id='word_1_147' title='bbox 1063 2083 1153 2142; x_wconf 88' lang='lat' dir='ltr'>nega-</span> 
     </span>
     <span class='ocr_line' id='line_1_22' title="bbox 234 2149 1076 2229; baseline 0.002 -20"><span class='ocrx_word' id='word_1_148' title='bbox 234 2157 305 2209; x_wconf 88' lang='lat' dir='ltr'>rent</span> <span class='ocrx_word' id='word_1_149' title='bbox 323 2151 456 2210; x_wconf 87' lang='lat' dir='ltr'>maiores</span> <span class='ocrx_word' id='word_1_150' title='bbox 477 2150 591 2229; x_wconf 87' lang='lat' dir='ltr'>gratias</span> <span class='ocrx_word' id='word_1_151' title='bbox 612 2149 735 2224; x_wconf 89' lang='lat' dir='ltr'>habere,</span> <span class='ocrx_word' id='word_1_152' title='bbox 758 2168 849 2227; x_wconf 86' lang='lat' dir='ltr'>quem</span> <span class='ocrx_word' id='word_1_153' title='bbox 872 2150 933 2208; x_wconf 91' lang='lat' dir='ltr'>sint</span> <span class='ocrx_word' id='word_1_154' title='bbox 953 2149 1076 2211; x_wconf 84' lang='lat' dir='ltr'>veniae.</span> 
     </span>
    </p>

    <p class='ocr_par' dir='ltr' id='par_1_5' title="bbox 233 2231 1154 3557">
     <span class='ocr_line' id='line_1_23' title="bbox 316 2231 1154 2312; baseline -0.004 -20"><span class='ocrx_word' id='word_1_155' title='bbox 316 2233 352 2292; x_wconf 91' lang='lat' dir='ltr'>lu</span> <span class='ocrx_word' id='word_1_156' title='bbox 386 2234 644 2312; x_wconf 82' lang='lat' dir='ltr'>septuagesimam</span> <span class='ocrx_word' id='word_1_157' title='bbox 678 2240 814 2309; x_wconf 78' lang='lat' dir='ltr'>sextam,</span> <span class='ocrx_word' id='word_1_158' title='bbox 847 2240 881 2291; x_wconf 90' lang='lat' dir='ltr'>ut</span> <span class='ocrx_word' id='word_1_159' title='bbox 909 2231 983 2290; x_wconf 88' lang='lat' dir='ltr'>nihil</span> <span class='ocrx_word' id='word_1_160' title='bbox 1021 2232 1154 2306; x_wconf 87' lang='lat' dir='ltr'>omittas,</span> 
     </span>
     <span class='ocr_line' id='line_1_24' title="bbox 235 2313 1152 2394; baseline -0.005 -18"><span class='ocrx_word' id='word_1_161' title='bbox 235 2334 297 2394; x_wconf 82' lang='lat' dir='ltr'>quo</span> <span class='ocrx_word' id='word_1_162' title='bbox 323 2334 373 2374; x_wconf 90' lang='lat' dir='ltr'>me</span> <span class='ocrx_word' id='word_1_163' title='bbox 402 2313 623 2375; x_wconf 78' lang='lat' dir='ltr'>exsecrabilem</span> <span class='ocrx_word' id='word_1_164' title='bbox 649 2314 746 2374; x_wconf 81' lang='lat' dir='ltr'>iacies</span> <span class='ocrx_word' id='word_1_165' title='bbox 773 2314 912 2394; x_wconf 87' lang='lat' dir='ltr'>pontiflci</span> <span class='ocrx_word' id='word_1_166' title='bbox 936 2318 968 2374; x_wconf 90' lang='lat' dir='ltr'>et</span> <span class='ocrx_word' id='word_1_167' title='bbox 1001 2332 1074 2373; x_wconf 88' lang='lat' dir='ltr'>enm</span> <span class='ocrx_word' id='word_1_168' title='bbox 1102 2313 1152 2372; x_wconf 92' lang='lat' dir='ltr'>tibi</span> 
     </span>
     <span class='ocr_line' id='line_1_25' title="bbox 234 2394 1151 2477; baseline -0.003 -20"><span class='ocrx_word' id='word_1_169' title='bbox 234 2394 288 2457; x_wconf 91' lang='lat' dir='ltr'>uni</span> <span class='ocrx_word' id='word_1_170' title='bbox 310 2398 543 2459; x_wconf 81' lang='lat' dir='ltr'>adulantissimo</span> <span class='ocrx_word' id='word_1_171' title='bbox 563 2399 745 2477; x_wconf 91' lang='lat' dir='ltr'>propitium,</span> <span class='ocrx_word' id='word_1_172' title='bbox 774 2399 863 2477; x_wconf 83' lang='lat' dir='ltr'>tingis</span> <span class='ocrx_word' id='word_1_173' title='bbox 891 2414 941 2456; x_wconf 86' lang='lat' dir='ltr'>me</span> <span class='ocrx_word' id='word_1_174' title='bbox 966 2398 1088 2457; x_wconf 87' lang='lat' dir='ltr'>ironice</span> <span class='ocrx_word' id='word_1_175' title='bbox 1115 2396 1151 2455; x_wconf 91' lang='lat' dir='ltr'>de</span> 
     </span>
     <span class='ocr_line' id='line_1_26' title="bbox 234 2478 1152 2560; baseline -0.004 -19"><span class='ocrx_word' id='word_1_176' title='bbox 234 2487 321 2541; x_wconf 87' lang='lat' dir='ltr'>tento</span> <span class='ocrx_word' id='word_1_177' title='bbox 348 2480 495 2560; x_wconf 82' lang='lat' dir='ltr'>pontifice</span> <span class='ocrx_word' id='word_1_178' title='bbox 523 2481 617 2558; x_wconf 62' lang='lat' dir='ltr'>ioqui„</span> <span class='ocrx_word' id='word_1_179' title='bbox 667 2481 817 2555; x_wconf 79' lang='lat' dir='ltr'>Videsne,</span> <span class='ocrx_word' id='word_1_180' title='bbox 852 2487 982 2559; x_wconf 84' lang='lat' dir='ltr'>quantus</span> <span class='ocrx_word' id='word_1_181' title='bbox 1011 2482 1052 2539; x_wconf 91' lang='lat' dir='ltr'>sit</span> <span class='ocrx_word' id='word_1_182' title='bbox 1082 2478 1152 2538; x_wconf 90' lang='lat' dir='ltr'>mihi</span> 
     </span>
     <span class='ocr_line' id='line_1_27' title="bbox 235 2562 1152 2642; baseline -0.003 -19"><span class='ocrx_word' id='word_1_183' title='bbox 235 2564 286 2623; x_wconf 91' lang='lat' dir='ltr'>hic</span> <span class='ocrx_word' id='word_1_184' title='bbox 306 2564 393 2624; x_wconf 91' lang='lat' dir='ltr'>locus</span> <span class='ocrx_word' id='word_1_185' title='bbox 414 2563 580 2623; x_wconf 85' lang='lat' dir='ltr'>invehendi</span> <span class='ocrx_word' id='word_1_186' title='bbox 600 2564 631 2622; x_wconf 92' lang='lat' dir='ltr'>in</span> <span class='ocrx_word' id='word_1_187' title='bbox 654 2571 699 2640; x_wconf 89' lang='lat' dir='ltr'>te,</span> <span class='ocrx_word' id='word_1_188' title='bbox 725 2566 758 2623; x_wconf 89' lang='lat' dir='ltr'>in</span> <span class='ocrx_word' id='word_1_189' title='bbox 786 2572 869 2623; x_wconf 88' lang='lat' dir='ltr'>tuem</span> <span class='ocrx_word' id='word_1_190' title='bbox 892 2582 974 2642; x_wconf 88' lang='lat' dir='ltr'>pene</span> <span class='ocrx_word' id='word_1_191' title='bbox 996 2562 1152 2637; x_wconf 88' lang='lat' dir='ltr'>dixissem,</span> 
     </span>
     <span class='ocr_line' id='line_1_28' title="bbox 237 2646 1151 2726; baseline -0.002 -20"><span class='ocrx_word' id='word_1_192' title='bbox 237 2646 294 2707; x_wconf 90' lang='lat' dir='ltr'>sed</span> <span class='ocrx_word' id='word_1_193' title='bbox 312 2648 445 2726; x_wconf 87' lang='lat' dir='ltr'>reprimo</span> <span class='ocrx_word' id='word_1_194' title='bbox 468 2666 527 2706; x_wconf 88' lang='lat' dir='ltr'>me.</span> <span class='ocrx_word' id='word_1_195' title='bbox 570 2646 680 2725; x_wconf 84' lang='lat' dir='ltr'>Arrige</span> <span class='ocrx_word' id='word_1_196' title='bbox 701 2663 791 2706; x_wconf 87' lang='lat' dir='ltr'>aures</span> <span class='ocrx_word' id='word_1_197' title='bbox 818 2656 849 2706; x_wconf 89' lang='lat' dir='ltr'>et</span> <span class='ocrx_word' id='word_1_198' title='bbox 870 2646 957 2725; x_wconf 90' lang='lat' dir='ltr'>audi,</span> <span class='ocrx_word' id='word_1_199' title='bbox 989 2648 1015 2705; x_wconf 93' lang='lat' dir='ltr'>si</span> <span class='ocrx_word' id='word_1_200' title='bbox 1044 2646 1151 2705; x_wconf 79' lang='lat' dir='ltr'>saitem</span> 
     </span>
     <span class='ocr_line' id='line_1_29' title="bbox 236 2728 1150 2809; baseline -0.002 -20"><span class='ocrx_word' id='word_1_201' title='bbox 236 2729 321 2791; x_wconf 90' lang='lat' dir='ltr'>domi</span> <span class='ocrx_word' id='word_1_202' title='bbox 344 2748 396 2789; x_wconf 91' lang='lat' dir='ltr'>ees</span> <span class='ocrx_word' id='word_1_203' title='bbox 419 2730 524 2789; x_wconf 90' lang='lat' dir='ltr'>habes.</span> <span class='ocrx_word' id='word_1_204' title='bbox 555 2730 623 2809; x_wconf 80' lang='lat' dir='ltr'>Ego</span> <span class='ocrx_word' id='word_1_205' title='bbox 646 2729 715 2789; x_wconf 91' lang='lat' dir='ltr'>dico</span> <span class='ocrx_word' id='word_1_206' title='bbox 739 2747 801 2789; x_wconf 93' lang='lat' dir='ltr'>non</span> <span class='ocrx_word' id='word_1_207' title='bbox 822 2731 948 2806; x_wconf 87' lang='lat' dir='ltr'>ironice,</span> <span class='ocrx_word' id='word_1_208' title='bbox 971 2728 1027 2788; x_wconf 89' lang='lat' dir='ltr'>sed</span> <span class='ocrx_word' id='word_1_209' title='bbox 1052 2729 1150 2809; x_wconf 88' lang='lat' dir='ltr'>piene,</span> 
     </span>
     <span class='ocr_line' id='line_1_30' title="bbox 235 2812 1149 2892; baseline -0.002 -20"><span class='ocrx_word' id='word_1_210' title='bbox 235 2813 318 2891; x_wconf 92' lang='lat' dir='ltr'>quod</span> <span class='ocrx_word' id='word_1_211' title='bbox 342 2814 441 2873; x_wconf 91' lang='lat' dir='ltr'>omnis</span> <span class='ocrx_word' id='word_1_212' title='bbox 463 2832 544 2892; x_wconf 86' lang='lat' dir='ltr'>pepe</span> <span class='ocrx_word' id='word_1_213' title='bbox 565 2812 659 2872; x_wconf 87' lang='lat' dir='ltr'>hebet</span> <span class='ocrx_word' id='word_1_214' title='bbox 682 2814 812 2872; x_wconf 88' lang='lat' dir='ltr'>maiores</span> <span class='ocrx_word' id='word_1_215' title='bbox 836 2814 959 2892; x_wconf 88' lang='lat' dir='ltr'>gratias,</span> <span class='ocrx_word' id='word_1_216' title='bbox 988 2830 1083 2890; x_wconf 87' lang='lat' dir='ltr'>quam</span> <span class='ocrx_word' id='word_1_217' title='bbox 1105 2830 1149 2870; x_wconf 87' lang='lat' dir='ltr'>ve-</span> 
     </span>
     <span class='ocr_line' id='line_1_31' title="bbox 234 2894 1151 2975; baseline -0.003 -19"><span class='ocrx_word' id='word_1_218' title='bbox 234 2896 306 2956; x_wconf 91' lang='lat' dir='ltr'>niae</span> <span class='ocrx_word' id='word_1_219' title='bbox 326 2897 397 2971; x_wconf 87' lang='lat' dir='ltr'>sint,</span> <span class='ocrx_word' id='word_1_220' title='bbox 419 2896 537 2955; x_wconf 88' lang='lat' dir='ltr'>scilicet</span> <span class='ocrx_word' id='word_1_221' title='bbox 557 2894 753 2975; x_wconf 85' lang='lat' dir='ltr'>evangelium</span> <span class='ocrx_word' id='word_1_222' title='bbox 776 2902 807 2955; x_wconf 88' lang='lat' dir='ltr'>et</span> <span class='ocrx_word' id='word_1_223' title='bbox 825 2897 937 2975; x_wconf 84' lang='lat' dir='ltr'>gratias</span> <span class='ocrx_word' id='word_1_224' title='bbox 950 2896 1151 2971; x_wconf 86' lang='lat' dir='ltr'>curationum,</span> 
     </span>
     <span class='ocr_line' id='line_1_32' title="bbox 235 2977 1151 3057; baseline -0.003 -18"><span class='ocrx_word' id='word_1_225' title='bbox 235 2988 266 3039; x_wconf 89' lang='lat' dir='ltr'>et</span> <span class='ocrx_word' id='word_1_226' title='bbox 287 2980 392 3038; x_wconf 87' lang='lat' dir='ltr'>omnia</span> <span class='ocrx_word' id='word_1_227' title='bbox 412 2996 494 3056; x_wconf 83' lang='lat' dir='ltr'>quae</span> <span class='ocrx_word' id='word_1_228' title='bbox 504 2980 677 3039; x_wconf 81' lang='lat' dir='ltr'>scribuntur</span> <span class='ocrx_word' id='word_1_229' title='bbox 699 2977 794 3040; x_wconf 79' lang='lat' dir='ltr'>iOor.</span> <span class='ocrx_word' id='word_1_230' title='bbox 808 2980 856 3054; x_wconf 78' lang='lat'>12,</span> <span class='ocrx_word' id='word_1_231' title='bbox 879 2997 940 3038; x_wconf 91' lang='lat' dir='ltr'>nou</span> <span class='ocrx_word' id='word_1_232' title='bbox 964 2979 995 3037; x_wconf 87' lang='lat' dir='ltr'>iu</span> <span class='ocrx_word' id='word_1_233' title='bbox 1020 2996 1151 3057; x_wconf 86' lang='lat' dir='ltr'>persona</span> 
     </span>
     <span class='ocr_line' id='line_1_33' title="bbox 234 3060 1149 3141; baseline -0.002 -20"><span class='ocrx_word' id='word_1_234' title='bbox 234 3080 305 3139; x_wconf 84' lang='lat' dir='ltr'>sue,</span> <span class='ocrx_word' id='word_1_235' title='bbox 333 3061 388 3121; x_wconf 89' lang='lat' dir='ltr'>sed</span> <span class='ocrx_word' id='word_1_236' title='bbox 409 3062 441 3120; x_wconf 93' lang='lat' dir='ltr'>in</span> <span class='ocrx_word' id='word_1_237' title='bbox 461 3069 618 3141; x_wconf 87' lang='lat' dir='ltr'>potestate</span> <span class='ocrx_word' id='word_1_238' title='bbox 639 3078 708 3139; x_wconf 91' lang='lat' dir='ltr'>sua,</span> <span class='ocrx_word' id='word_1_239' title='bbox 743 3060 774 3120; x_wconf 92' lang='lat' dir='ltr'>id</span> <span class='ocrx_word' id='word_1_240' title='bbox 796 3068 857 3140; x_wconf 89' lang='lat' dir='ltr'>est,</span> <span class='ocrx_word' id='word_1_241' title='bbox 892 3080 929 3121; x_wconf 92' lang='lat' dir='ltr'>eo</span> <span class='ocrx_word' id='word_1_242' title='bbox 951 3060 1064 3138; x_wconf 90' lang='lat' dir='ltr'>modo,</span> <span class='ocrx_word' id='word_1_243' title='bbox 1093 3078 1149 3139; x_wconf 82' lang='lat' dir='ltr'>quo</span> 
     </span>
     <span class='ocr_line' id='line_1_34' title="bbox 233 3143 1149 3226; baseline -0.004 -21"><span class='ocrx_word' id='word_1_244' title='bbox 233 3146 347 3226; x_wconf 75' lang='lat' dir='ltr'>gratias</span> <span class='ocrx_word' id='word_1_245' title='bbox 370 3145 508 3203; x_wconf 88' lang='lat' dir='ltr'>veniales</span> <span class='ocrx_word' id='word_1_246' title='bbox 523 3144 625 3205; x_wconf 90' lang='lat' dir='ltr'>hebet.</span> <span class='ocrx_word' id='word_1_247' title='bbox 652 3144 732 3202; x_wconf 89' lang='lat' dir='ltr'>Nam</span> <span class='ocrx_word' id='word_1_248' title='bbox 755 3146 811 3203; x_wconf 89' lang='lat' dir='ltr'>etsi</span> <span class='ocrx_word' id='word_1_249' title='bbox 835 3144 944 3206; x_wconf 88' lang='lat' dir='ltr'>sedulo</span> <span class='ocrx_word' id='word_1_250' title='bbox 967 3143 1149 3220; x_wconf 85' lang='lat' dir='ltr'>dissimuies,</span> 
     </span>
     <span class='ocr_line' id='line_1_35' title="bbox 234 3227 1150 3306; baseline -0.004 -18"><span class='ocrx_word' id='word_1_251' title='bbox 234 3247 297 3288; x_wconf 94' lang='lat' dir='ltr'>nou</span> <span class='ocrx_word' id='word_1_252' title='bbox 320 3235 421 3287; x_wconf 87' lang='lat' dir='ltr'>temen</span> <span class='ocrx_word' id='word_1_253' title='bbox 444 3227 537 3287; x_wconf 88' lang='lat' dir='ltr'>credo</span> <span class='ocrx_word' id='word_1_254' title='bbox 559 3227 638 3287; x_wconf 92' lang='lat' dir='ltr'>adeo</span> <span class='ocrx_word' id='word_1_255' title='bbox 662 3228 828 3306; x_wconf 87' lang='lat' dir='ltr'>stupescis,</span> <span class='ocrx_word' id='word_1_256' title='bbox 856 3236 890 3287; x_wconf 88' lang='lat' dir='ltr'>ut</span> <span class='ocrx_word' id='word_1_257' title='bbox 910 3228 1016 3287; x_wconf 87' lang='lat' dir='ltr'>venias</span> <span class='ocrx_word' id='word_1_258' title='bbox 1040 3244 1150 3305; x_wconf 82' lang='lat' dir='ltr'>papum</span> 
     </span>
     <span class='ocr_line' id='line_1_36' title="bbox 233 3308 1151 3391; baseline -0.004 -20"><span class='ocrx_word' id='word_1_259' title='bbox 233 3313 265 3371; x_wconf 88' lang='lat' dir='ltr'>in</span> <span class='ocrx_word' id='word_1_260' title='bbox 287 3328 423 3391; x_wconf 83' lang='lat' dir='ltr'>persona</span> <span class='ocrx_word' id='word_1_261' title='bbox 445 3328 501 3369; x_wconf 89' lang='lat' dir='ltr'>sua</span> <span class='ocrx_word' id='word_1_262' title='bbox 521 3310 635 3370; x_wconf 90' lang='lat' dir='ltr'>habere</span> <span class='ocrx_word' id='word_1_263' title='bbox 657 3308 757 3389; x_wconf 89' lang='lat' dir='ltr'>dices,</span> <span class='ocrx_word' id='word_1_264' title='bbox 785 3312 864 3370; x_wconf 89' lang='lat' dir='ltr'>sicut</span> <span class='ocrx_word' id='word_1_265' title='bbox 892 3312 1023 3380; x_wconf 76' lang='lat' dir='ltr'>virtutes</span> <span class='ocrx_word' id='word_1_266' title='bbox 1049 3326 1151 3389; x_wconf 88' lang='lat' dir='ltr'>perso·</span> 
     </span>
     <span class='ocr_line' id='line_1_37' title="bbox 234 3392 1149 3474; baseline -0.004 -20"><span class='ocrx_word' id='word_1_267' title='bbox 234 3395 331 3472; x_wconf 81' lang='lat' dir='ltr'>uoles,</span> <span class='ocrx_word' id='word_1_268' title='bbox 354 3395 413 3453; x_wconf 88' lang='lat' dir='ltr'>nisi</span> <span class='ocrx_word' id='word_1_269' title='bbox 435 3392 558 3471; x_wconf 89' lang='lat' dir='ltr'>dixeris,</span> <span class='ocrx_word' id='word_1_270' title='bbox 581 3392 665 3472; x_wconf 88' lang='lat' dir='ltr'>quod</span> <span class='ocrx_word' id='word_1_271' title='bbox 688 3392 846 3473; x_wconf 86' lang='lat' dir='ltr'>depositos</span> <span class='ocrx_word' id='word_1_272' title='bbox 868 3412 950 3474; x_wconf 85' lang='lat' dir='ltr'>pape</span> <span class='ocrx_word' id='word_1_273' title='bbox 972 3395 1068 3453; x_wconf 89' lang='lat' dir='ltr'>etiam</span> <span class='ocrx_word' id='word_1_274' title='bbox 1091 3410 1149 3451; x_wconf 93' lang='lat' dir='ltr'>om·</span> 
     </span>
     <span class='ocr_line' id='line_1_38' title="bbox 234 3478 630 3557; baseline -0.003 -21"><span class='ocrx_word' id='word_1_275' title='bbox 234 3479 286 3536; x_wconf 89' lang='lat' dir='ltr'>nia</span> <span class='ocrx_word' id='word_1_276' title='bbox 305 3478 414 3557; x_wconf 85' lang='lat' dir='ltr'>possit,</span> <span class='ocrx_word' id='word_1_277' title='bbox 437 3494 517 3554; x_wconf 83' lang='lat' dir='ltr'>quae</span> <span class='ocrx_word' id='word_1_278' title='bbox 537 3478 630 3555; x_wconf 89' lang='lat' dir='ltr'>prius.</span> 
     </span>
    </p>

    <p class='ocr_par' dir='ltr' id='par_1_6' title="bbox 318 3557 1151 3637">
     <span class='ocr_line' id='line_1_39' title="bbox 318 3557 1151 3637; baseline 0.006 -21"><span class='ocrx_word' id='word_1_279' title='bbox 318 3560 412 3636; x_wconf 81' lang='lat' dir='ltr'>igitur</span> <span class='ocrx_word' id='word_1_280' title='bbox 432 3558 576 3637; x_wconf 87' lang='lat' dir='ltr'>quicquid</span> <span class='ocrx_word' id='word_1_281' title='bbox 597 3558 698 3618; x_wconf 86' lang='lat' dir='ltr'>estin</span> <span class='ocrx_word' id='word_1_282' title='bbox 720 3558 853 3619; x_wconf 88' lang='lat' dir='ltr'>eeclesia</span> <span class='ocrx_word' id='word_1_283' title='bbox 873 3557 1024 3619; x_wconf 88' lang='lat' dir='ltr'>donorum</span> <span class='ocrx_word' id='word_1_284' title='bbox 1048 3567 1081 3621; x_wconf 90' lang='lat' dir='ltr'>et</span> <span class='ocrx_word' id='word_1_285' title='bbox 1102 3563 1151 3621; x_wconf 91' lang='lat' dir='ltr'>mi·</span> 
     </span>
    </p>
   </div>
   <div class='ocr_carea' id='block_1_3' title="bbox 235 3724 443 3737">
    <p class='ocr_par' dir='ltr' id='par_1_7' title="bbox 235 3724 443 3737">
     <span class='ocr_line' id='line_1_40' title="bbox 235 3724 443 3737; baseline -0.005 -1"><span class='ocrx_word' id='word_1_286' title='bbox 235 3724 443 3737; x_wconf 49' lang='lat' dir='ltr'>*a</span> 
     </span>
    </p>
   </div>
   <div class='ocr_carea' id='block_1_4' title="bbox 309 3794 622 3857">
    <p class='ocr_par' dir='ltr' id='par_1_8' title="bbox 309 3794 622 3857">
     <span class='ocr_line' id='line_1_41' title="bbox 309 3794 622 3857; baseline 0.019 -12"><span class='ocrx_word' id='word_1_287' title='bbox 309 3794 339 3857; x_wconf 84' lang='grc'>1)</span> <span class='ocrx_word' id='word_1_288' title='bbox 357 3794 438 3848; x_wconf 79' lang='lat' dir='ltr'>ibid:</span> <span class='ocrx_word' id='word_1_289' title='bbox 457 3799 530 3850; x_wconf 88' lang='lat' dir='ltr'>enim</span> <span class='ocrx_word' id='word_1_290' title='bbox 549 3799 622 3851; x_wconf 84' lang='lat' dir='ltr'>fecit.</span> 
     </span>
    </p>
   </div>
   <div class='ocr_carea' id='block_1_5' title="bbox 0 0 1306 4300">
    <p class='ocr_par' dir='ltr' id='par_1_9' title="bbox 0 0 1306 4300">
     <span class='ocr_line' id='line_1_42' title="bbox 0 0 1306 4300; baseline 0 0"><span class='ocrx_word' id='word_1_291' title='bbox 0 0 1306 4300; x_wconf 95' lang='lat' dir='ltr'> </span> 
     </span>
    </p>
   </div>
  </div>
 </body>
</html>
