2600 4300
457 1056 543 1154 Lea
569 1055 693 1180 Papa
721 1057 772 1156 X.
801 1056 969 1157 Dilecto

244 1277 328 1348 nmo
349 1279 557 1365 Degenhardo
585 1281 761 1367 Piedingar
777 1283 818 1363 Ἴ,
850 1281 1062 1350 Dilectissimi
1082 1283 1159 1362 Filii,

244 1363 363 1432 nubilis
384 1365 452 1432 viri
471 1363 628 1432 Fridsrici
650 1362 748 1436 Ducis
769 1366 941 1444 saxoniae,
964 1365 1158 1434 consiliatio.

329 1565 451 1655 dilecte
474 1595 530 1674 u)
564 1596 642 1675 Fili,
664 1596 802 1659 delutum
824 1605 856 1659 et
886 1599 1094 1680 apostolicam
1113 1598 1158 1662 ba-
1196 1631 1197 1652 i

244 1678 461 1740 nedietionem.

244 1789 247 1795 ¹
326 1760 449 1837 Quanto
487 1759 599 1822 affectu
634 1768 826 1844 paternoque
853 1783 959 1824 amore
996 1765 1158 1824 sacratissi-

244 1865 323 1905 mam
346 1863 470 1904 auream
491 1844 622 1924 Rosam,
645 1847 809 1926 quotannis
831 1865 850 1906 a
871 1847 1020 1911 Romanis
1042 1846 1157 1907 Pontifi-

243 1928 328 1989 cibus
350 1934 458 2006 quarta
479 1926 634 1989 dominica
657 1931 880 1990 sacratissimae
900 1929 1156 2012 Quadragesimaa

242 2012 428 2071 consecrari,
436 2029 549 2091 magno
571 2008 728 2093 mysterio,
751 2019 783 2073 et
805 2011 895 2074 elicui
917 2031 957 2074 ex
977 2013 1155 2094 primoribus

243 2089 484 2156 Christianorum
506 2093 584 2176 Regi
606 2095 656 2156 vel
678 2095 810 2177 Principi
831 2094 925 2157 dicari
952 2103 984 2157 et
1014 2097 1091 2157 mitti
1113 2114 1156 2157 so-

242 2178 337 2257 litam,
358 2178 418 2238 hoc
439 2198 521 2238 anno
544 2179 657 2239 diiecto
679 2178 743 2240 filio
766 2179 967 2263 nobiiiIViro,
995 2179 1156 2257 Friderico,

241 2261 320 2321 Duci
341 2260 505 2338 Saxoniae,
527 2268 635 2343 utpote
657 2281 781 2323 suorum
795 2262 1034 2323 clarissimorum
1050 2262 1156 2343 Proge-

241 2345 374 2405 nitorum
397 2363 483 2409 more
510 2344 549 2404 de
579 2345 673 2406 nubis
702 2352 734 2406 et
755 2351 862 2406 sancta
884 2346 1059 2427 apostolica
1080 2344 1154 2408 Sede

232 2426 321 2488 ,bene
349 2429 475 2507 merito,
508 2435 600 2509 utque
630 2428 762 2509 posthae
794 2430 891 2509 magis
920 2430 1031 2489 mereri
1053 2430 1153 2511 popsit,

242 2510 453 2591 dicaverimus,
475 2529 516 2570 ex
537 2510 649 2572 dilecto
672 2510 748 2573 Filio
762 2512 874 2573 Oarolo
895 2512 1019 2591 Miltitz,
1041 2512 1153 2572 Nuncin

241 2593 428 2662 cubiculario
449 2602 568 2656 secreto
591 2614 629 2655 ac
650 2594 791 2657 familiari
806 2601 924 2675 nostro,
946 2601 978 2656 et
999 2594 1152 2675 quaedam,

242 2696 320 2756 quae
341 2696 399 2738 nos
427 2676 577 2757 dedisque
604 2678 780 2760 praedictae
808 2678 988 2760 dignitatem
1016 2679 1152 2739 autorita-

240 2767 362 2840 temque
383 2761 559 2841 respiciunt,
582 2760 707 2823 devotio
731 2769 782 2823 tua
802 2763 923 2843 plenius
944 2761 1107 2843 intelliget.

322 2843 460 2906 Scientes
481 2845 620 2925 insuper,
643 2851 675 2906 et
695 2847 804 2907 merito
828 2845 959 2925 quidem,
983 2852 1098 2925 quanta
1117 2846 1151 2905 sit

241 2927 414 2987 devotionis
434 2935 506 2987 tuae
527 2927 608 3008 apud
631 2928 761 2989 eundem
784 2928 901 2989 Ducem
923 2930 1044 3010 gratia,
1066 2948 1149 3009 quan-

240 3012 302 3071 tive
323 3010 376 3071 ille
408 3009 530 3071 salubre
551 3030 589 3070 ac
609 3010 743 3091 prudens
765 3012 924 3073 consilium
946 3018 1033 3072 tuum
1055 3013 1147 3087 faciat,

239 3094 445 3155 Deuotionem
472 3095 572 3174 ipsum
594 3100 679 3154 tuam
700 3094 857 3156 hortamur
878 3096 910 3155 in
930 3094 1087 3175 Domino,
1116 3112 1148 3153 ac

238 3183 366 3257 peteme
387 3178 579 3256 requirimus,
601 3183 702 3257 utpro
725 3196 781 3238 sua
800 3177 906 3239 debita
917 3196 992 3259 erga
1012 3196 1070 3237 nos
1085 3196 1147 3237 ean-

239 3258 370 3339 demque
412 3258 524 3320 Sedem
564 3259 731 3321 devotione
769 3266 799 3321 et
839 3260 1036 3321 observantia
1072 3266 1148 3321 recte

238 3342 458 3425 considerans,
491 3350 605 3423 quanto
638 3342 752 3405 decore
795 3344 896 3423 queve
925 3362 1053 3404 munere
1084 3362 1146 3404 eun-

239 3425 309 3485 dem
330 3426 446 3486 Ducem
469 3426 594 3506 dignum
616 3424 805 3513 duxerimus,
834 3426 1032 3487 considerans
1054 3428 1145 3505 etium,

293 3640 321 3702 ·)
340 3638 381 3691 De
393 3640 567 3708 Degenhcrdi
578 3641 827 3711 Pieffingerigenta
844 3656 876 3694 ec
894 3642 1018 3695 moribus
1037 3641 1144 3713 legenda
1196 3628 1197 3637 ¹

239 3712 310 3771 sunt,
319 3724 389 3775 quae
399 3710 609 3764 Seckendorfius
625 3715 655 3764 in
665 3712 819 3765 HistLuth.
829 3711 850 3765 Ι.
860 3729 886 3781 p.
895 3712 929 3769 67
938 3716 1023 3767 affert.
1032 3713 1142 3777 ”JTex-

203 3842 207 3849 Ι
239 3780 283 3826 tus
301 3776 382 3829 huius
401 3786 428 3830 et
444 3785 617 3848 sequentium
635 3782 815 3852 epistolarum
834 3783 956 3838 redditus
977 3790 1019 3838 est
1036 3802 1071 3839 ex
1087 3784 1142 3837 edit.

241 3840 308 3909 Opp.
329 3847 406 3901 Luth.
425 3848 485 3902 Jen.
503 3845 625 3908 afficte.
