2600 4300
180 312 312 382 Epistola
329 313 363 368 ΙΙ.
381 313 492 368 Luthoei
505 313 546 366 -sd
565 314 715 388 lloncclqos
733 313 981 370 lutterboccenses.
1018 309 1080 377 463

244 485 440 547 Francisccni
452 487 518 566 ipsi.
524 487 611 547 initio
628 485 751 566 quidem
773 484 1004 565 quatuordocim
1017 493 1081 545 tcu-

154 576 223 630 tum
247 570 394 638 articulos
416 576 524 631 centn
532 568 698 630 Luthsrum
714 575 950 650 proposuerunt,
972 575 1082 652 postes

154 658 265 714 autern
289 652 409 731 Eceius,
432 653 608 732 quumillos
621 655 653 713 in
670 653 780 733 vulgus
793 651 906 732 ederet,
928 651 977 720 his
989 669 1082 712 unum
1203 681 1205 688 v

155 734 295 816 eddidit,
324 744 396 815 post
416 737 555 815 quintum
575 737 659 802 euim
679 737 855 796 interseruit
874 736 975 814 hune,
997 736 1082 796 ouius

153 818 254 888 verba
276 819 356 880 haec
376 826 463 879 sunt:
506 819 610 898 „Dicit
639 821 732 880 etiam
763 818 968 897 (lutherus),
999 817 1082 962 quod

153 902 242 963 Deus
279 903 419 982 exigeret
452 921 602 964 summurn
635 903 858 984 perfectionem
888 922 908 962 a
945 919 1006 981 quo
1020 901 1083 966 ibet

156 985 337 1046 Christicno
359 992 391 1045 et
413 985 641 1046 observantiam
665 988 759 1048 totius
788 985 972 1066 evangelii.“
1014 984 1083 1059 Quo

155 1068 276 1128 iactum
298 1074 355 1147 est,
377 1075 411 1128 nt
433 1068 606 1148 quindecim
628 1070 748 1132 usticuli
773 1087 792 1128 a
812 1068 965 1134 Fratribus
987 1067 1083 1128 llino-

156 1152 269 1212 ritanis
291 1151 597 1218 lutterboccensibus
618 1154 650 1212 in
674 1151 859 1213 editionibus
877 1151 903 1211 0
927 1171 1012 1214 erum
1029 1151 1085 1210 Lu·

156 1235 240 1294 theri
261 1233 411 1314 adscripti
439 1238 467 1296 ei
496 1236 647 1316 legantur,
671 1244 702 1297 et
724 1234 886 1297 Seelendo
926 1251 960 1294 us
981 1235 1014 1294 in
1035 1233 1085 1293 Hl-

157 1318 259 1378 storia
280 1316 403 1380 Luther,
427 1319 449 1395 l,
472 1323 550 1398 p.70
571 1319 841 1380 lutterbocceuses
864 1314 1086 1396 quindecim

156 1401 311 1462 articulos
322 1401 434 1480 malsc,
455 1410 489 1461 nt
498 1402 759 1481 putcbsntnotse
772 1402 964 1480 excerpsisse
974 1406 1085 1460 narret.

245 1482 560 1557 Quatuordecim
581 1485 700 1546 articuli
718 1485 868 1566 propositi
891 1483 1033 1564 leguntur
1053 1485 1085 1542 in
1135 1503 1139 1514 ¹

157 1567 210 1628 ed.
235 1566 318 1647 Opp.
339 1565 426 1627 Luth.
450 1567 608 1630 Wittcmb.
631 1567 653 1647 l,
676 1565 737 1632 239
759 1574 791 1628 et
806 1569 835 1626 io
853 1566 1086 1627 Loescherilie·

158 1651 253 1712 form.
285 1650 355 1713 Act.
383 1648 471 1710 'lom
493 1649 549 1729 Ill,
578 1671 608 1730 p.
632 1655 707 1730 115,
741 1648 961 1730 quindecim
983 1651 1014 1710 in
1037 1649 1086 1710 ed.

158 1731 243 1813 Opp.
267 1731 355 1793 Loth.
377 1733 504 1794 lenensi
524 1733 548 1811 1,
569 1751 599 1813 p.
621 1735 694 1796 214.
716 1736 787 1798 226.

246 1811 390 1895 Epistola
416 1815 540 1875 liutheri
567 1816 606 1876 od
625 1817 795 1877 Monachos
816 1815 1086 1876 lutterboccenses

158 1899 238 1960 deta
266 1897 380 1978 legitur
404 1898 499 1958 latine
521 1900 552 1958 in
585 1899 634 1959 ed.
664 1899 743 1980 Opp.
765 1899 852 1960 Luth.
882 1898 1040 1960 Wittemb.
1062 1897 1087 1978 1,

160 2003 194 2061 p.
218 1981 291 2057 238,
312 1981 381 2041 len.
404 1981 426 2058 l,
447 2000 477 2061 p.
499 1983 569 2059 224,
591 1982 673 2062 opud
695 1983 850 2043 Loescher
870 1981 905 2041 Τ.
919 1983 965 2060 ΙΙΙ,
988 1981 1086 2062 plici

160 2071 196 2125 et
218 2065 395 2145 germanice
415 2063 497 2146 apud
520 2064 640 2126 Walch.
662 2065 774 2140 XVlll,
798 2085 826 2146 p.
852 2067 928 2128 1671
953 2083 1019 2144 sqq.

254 2147 404 2228 &porum
435 2147 526 2207 huius
553 2149 705 2229 epistolae
734 2152 827 2211 editio
852 2168 915 2209 non
937 2149 1088 2228 prodiisse

160 2235 196 2293 in
220 2234 321 2292 lucem
344 2230 479 2291 videtur:
509 2232 599 2293 huius
627 2234 732 2313 iisque
759 2241 875 2293 textum
903 2230 1088 2292 reddidimus

161 2334 206 2375 ex
228 2314 278 2375 ed.
301 2313 381 2393 Opp.
402 2314 526 2375 Lutheri
544 2314 681 2394 decenni,
703 2318 734 2377 in
757 2335 826 2395 que,
849 2325 882 2375 ut
903 2334 994 2394 supra
1015 2314 1089 2394 dixi,

163 2397 345 2478 quindecim>
364 2398 484 2458 articuli
504 2397 803 2461 Junernocoensium
826 2401 975 2479 leguntur.

165 2533 170 2543 .
250 2480 395 2540 Monachi
416 2480 702 2561 lutterboccenses,
725 2480 985 2544 fortasseLutheri
1007 2498 1089 2542 com-

163 2563 388 2627 minationibus
415 2565 582 2643 perterriti,
613 2563 652 2623 ed
675 2565 797 2626 Lutheri
829 2565 991 2646 epistolam
1015 2564 1090 2624 nihil

165 2648 295 2709 omnino
317 2646 560 2726 responderunt,
587 2648 642 2707 sed
664 2654 761 2709 totam
782 2668 847 2709 rem
868 2649 916 2710 Jo.
940 2646 1048 2726 Eccio,
1071 2668 1090 2709 s

165 2728 1090 2892 tlttl⁸⁵clqllllssttlllillittlltiltlt

280 2856 289 2888 7
849 2864 855 2879 s

166 2898 234 2957 cius
255 2896 350 2975 igitur
368 2895 427 2956 lros
448 2896 746 2959 lutterboccensium
770 2900 914 2960 articulos
937 2918 1091 2959 commen-

167 2981 288 3040 tatione
308 2979 472 3046 illustravit
499 2996 536 3038 ac
557 2978 714 3059 defendit,
747 2992 779 3042 et
799 2983 1089 3043 commentationem

167 3082 256 3123 susm
289 3062 437 3141 episcopo
460 3062 748 3144 Brcndenbcrgensi
781 3065 912 3127 tradidit.
943 3066 1012 3141 Quo
1040 3086 1091 3125 cu-

167 3145 233 3211 dito
249 3144 405 3215 ,liutherus
428 3146 531 3205 statim
551 3153 660 3207 conus
675 3146 801 3207 Eccium
824 3149 1091 3211 etintterboccen·

167 3248 218 3289 ses
242 3226 412 3289 defendere
431 3247 466 3287 se
490 3230 662 3308 constituit,
686 3230 750 3310 sed,
774 3252 864 3311 quum
887 3231 1092 3313 typographia

166 3314 196 3373 ei
220 3311 365 3389 deesset,
394 3310 558 3389 impeditus
580 3307 650 3390 est,
678 3316 840 3393 quominus
862 3313 945 3394 quod
966 3313 1092 3375 volebat

168 3394 328 3474 extemplo
350 3392 520 3474 perliceret
542 3393 654 3456 Scribit
675 3399 755 3457 enim
777 3399 830 3458 ille
846 3397 874 3457 d.
888 3400 934 3462 18.
957 3418 996 3456 m.
1012 3399 1091 3479 Aug.

168 3498 197 3539 a.
222 3479 303 3543 1519
326 3476 504 3558 Spoletino:
532 3476 696 3556 „Ueterum
720 3480 830 3543 Ecoius
857 3479 990 3543 officium
1019 3481 1110 3544 lecit'

168 3580 272 3639 nsque
292 3560 368 3621 boni
389 3578 491 3639 neque
501 3560 634 3621 liberalis
657 3562 756 3624 uiriin
770 3566 852 3624 omni
873 3564 959 3625 loco:
983 3564 1093 3626 dedit

168 3643 370 3723 Episcopo
391 3641 764 3724 Bsandenburgensi
790 3648 987 3707 articulos
1009 3666 1028 3706 a
1049 3666 1092 3709 se

167 3731 479 3803 commentatos,
510 3744 611 3805 quos
631 3726 773 3787 iratres
793 3728 1090 3794 lutterboccen-

167 3828 230 3871 ses
250 3810 289 3869 in
310 3827 367 3869 me
386 3808 674 3869 conflaverunt
694 3808 945 3874 mendaciter.
988 3810 1089 3874 Home
