2600 4300
430 335 449 374 e
465 321 542 391 Pup
558 318 594 373 ed
614 317 778 374 canutum.
997 313 1058 380 441

140 486 223 548 stioo
246 487 349 550 iudice
379 491 525 570 imposita
555 488 638 550 adnd
671 489 811 564 nonsit,
848 507 944 568 quam
967 505 1063 568 opera

137 570 261 646 ieiunii,
274 572 432 650 orationis,
455 573 674 654 eleemosynae
696 578 753 641 etc.
774 571 908 650 ideoque
925 570 1061 632 clavibus

138 652 433 716 ecclcsiae'remitti
454 676 518 716 non
539 657 648 736 possit,
671 655 752 734 quod
765 655 881 716 eisdem
894 673 956 715 noo
973 654 1063 715 luerit

136 735 334 814 impositum.
356 739 433 800 Item
445 739 528 818 quod
540 746 657 800 certum
679 743 776 798 estex
788 737 889 798 distin.
900 738 1022 799 XXXV.
1032 755 1061 798 c

138 817 263 898 Qualis,
285 820 368 899 quod
388 823 420 882 in
442 824 619 903 purgatorio
647 841 710 882 non
731 821 830 882 solnm
852 840 970 901 poene,
1007 819 1061 882 sed

137 908 170 962 et
191 902 290 982 culpo
311 905 480 968 remittitur.
524 906 651 986 Culpam
680 912 781 966 autem
810 904 941 966 ecclesia
963 903 1063 964 remit·

136 991 297 1048 terexnon
317 995 430 1066 potest,
452 989 532 1049 siout
551 1007 610 1049 nec
630 989 761 1068 gratiam
783 987 931 1049 conterre.

226 1068 299 1130 latia
320 1071 532 1132 autoritatibus
552 1073 660 1149 nixus,
691 1089 759 1132 oum
781 1069 955 1151 disputandi
976 1087 1062 1130 more

135 1150 268 1212 fuissem
291 1153 457 1214 reluctatus
478 1156 604 1234 impuris
634 1160 667 1214 et
686 1154 810 1214 insulsis
843 1152 963 1214 illorum
986 1151 1060 1233 dog·

137 1234 287 1309 metibus,
311 1238 546 1316 coeperuntilli,
566 1238 642 1298 lucri
655 1237 756 1298 studio
771 1237 916 1312 furentes,
933 1236 1061 1316 primum

138 1316 275 1395 publicis
296 1318 571 1382 declamationibus
602 1321 643 1381 ad
665 1313 811 1400 populum
833 1319 992 1380 declarare
1013 1337 1062 1380 me

137 1400 331 1462 hoereticum
354 1405 525 1465 temeritate
546 1404 825 1484 impudentissima,
849 1402 960 1464 deinde
981 1401 1062 1483 apud

137 1485 371 1546 sanctissimum
408 1485 567 1548 dominnm
599 1492 737 1550 nostrum
770 1487 905 1546 Leonem
931 1485 970 1553 X.
1007 1504 1063 1565 per

137 1566 299 1644 quendam
327 1567 484 1630 dominum
505 1571 631 1635 Marium
663 1569 705 1630 de
735 1570 883 1646 Ferasiis,
918 1569 1063 1628 Procura-

138 1639 242 1710 torem‘
254 1650 403 1727 fiscalem,
424 1672 570 1714 accusare
581 1661 727 1732 tunquam
744 1653 863 1714 haeresi
878 1657 1063 1732 suspectum.

138 1732 181 1792 Et
202 1751 263 1812 per
285 1734 416 1796 eundem
440 1735 596 1798 dominum
618 1735 742 1797 tandem
759 1737 958 1815 impetrantes
981 1749 1062 1794 com·

140 1816 325 1878 missionem
358 1818 471 1880 citandi
505 1821 567 1880 mei
597 1821 627 1879 in
667 1837 814 1898 personas
849 1816 1064 1880 reverendissi-

140 1918 266 1960 morum
290 1893 541 1964 dominorum'et
571 1909 706 1982 potrum,
740 1899 922 1980 Hieronymi
944 1899 982 1960 de
1005 1899 1064 1960 Ge·

141 1983 239 2042 nutiis
260 1983 401 2064 episcopi
422 1983 586 2063 Asculani,
618 2003 778 2045 cansarum
802 1983 951 2045 Carnorum
980 1982 1064 2044 eudi-

142 2066 232 2142 toris,
253 2073 287 2125 et
299 2065 449 2145 flylrestri
462 2067 605 2128 Prioretis
623 2067 731 2128 Palstii
753 2067 901 2146 Magistri,
922 2085 977 2144 per
998 2083 1065 2126 eos·

142 2147 218 2208 dem
240 2168 293 2209 me
314 2151 402 2211 citeri
420 2160 564 2217 curarunt
583 2151 624 2211 ad
645 2150 775 2226 Urbem,
802 2149 842 2224 ad
864 2149 1067 2229 personaliter
1192 2222 1199 2230 ι

143 2231 400 2311 comparendum.
677 2275 680 2282 -

229 2314 369 2395 Cumque
389 2329 450 2397 ego
471 2334 531 2378 nec
552 2315 803 2397 Vuittembergse
838 2319 919 2376 tutus
951 2314 989 2374 ab
1022 2315 1065 2375 in·

142 2396 230 2457 cidiis
253 2403 371 2458 tantum
392 2399 451 2459 iter
470 2398 618 2480 perlicere
637 2418 701 2459 non
714 2417 849 2479 possem,
871 2416 930 2459 nec
947 2398 1066 2459 Rornae

143 2485 212 2541 tuto
236 2482 416 2560 consistere,
438 2488 470 2543 et
484 2482 690 2562 pauperculus
703 2488 734 2543 et
750 2480 911 2543 imbecillis
926 2498 1066 2561 corporo,

143 2562 261 2623 deinde
280 2563 397 2625 iudices
418 2565 547 2644 praeisti
579 2565 653 2625 mihi
680 2564 785 2625 multis
816 2564 917 2625 oensis
937 2562 1067 2625 luissent

144 2648 294 2725 suspecti,
314 2649 493 2727 praesertim
508 2647 591 2727 quod
607 2646 793 2709 reverendus
804 2655 892 2729 pater
907 2646 1065 2727 sylvester

143 2728 343 2790 adversarius
363 2730 437 2791 milri
457 2731 557 2806 luerit,
579 2738 611 2792 et
632 2730 790 2811 dialogum
805 2740 913 2793 contre
933 2748 983 2791 me
1003 2729 1065 2789 ism

145 2810 298 2890 ediderat,
319 2819 352 2873 et
371 2814 403 2873 in
424 2815 519 2875 sacris
541 2815 636 2875 literis
665 2815 764 2875 minus
786 2813 938 2888 smditus,
973 2830 1064 2892 quarn

144 2895 207 2955 ista
227 2914 323 2957 causa
343 2896 423 2961 ferre
438 2897 551 2976 possit,
573 2896 715 2958 dominns
737 2904 839 2959 autem
860 2896 1073 2976 Hieronymus

145 2979 178 3039 in
199 2977 316 3039 iuribus
337 2997 460 3059 quoque
482 2980 561 3059 plus,
583 2999 676 3060 quam
693 2979 981 3060 theologiadootus,
1003 2998 1064 3039 me-

145 3062 206 3122 rito
229 3061 393 3123 timebatur
413 3062 621 3143 Sylvestrioae
649 3062 827 3143 theologiae
843 3062 1065 3139 concessurus,

147 3153 179 3205 et
200 3151 290 3209 extra
309 3143 435 3209 modum
457 3164 531 3207 suae
555 3146 756 3226 professionis
769 3146 850 3207 hene
864 3165 928 3206 rem
942 3144 1064 3221 habere,

147 3227 313 3289 sollicitavi
334 3246 391 3308 per
422 3228 658 3289 illustrissimum
680 3230 865 3309 principem,
898 3226 1065 3289 Dominum

149 3310 346 3389 Fridericum,
366 3310 485 3374 Ducem
506 3310 671 3389 Ssxoniae,
695 3313 774 3373 sacri
796 3310 928 3373 Romani
945 3308 1066 3389 Imperii

150 3393 481 3473 Archimarsohrlcum,
512 3394 715 3475 langravium
746 3394 948 3475 Thuringiae,
988 3392 1066 3453 Mer·

150 3477 293 3539 chionem
305 3476 444 3555 Misniue,
467 3484 501 3537 ut
521 3496 615 3539 cansa
636 3476 675 3539 ud
689 3482 791 3557 partes
814 3476 1064 3553 committeretur,

150 3580 211 3621 nou
233 3560 396 3639 suspectis,
417 3560 471 3621 sed
492 3560 630 3622 honestis
655 3567 685 3621 st
707 3560 796 3621 bonis
818 3559 899 3619 viris.

231 3642 319 3703 Tunc
340 3642 386 3702 illi
408 3661 514 3704 crassa
546 3643 678 3724 quadam
700 3648 732 3701 et
751 3641 867 3701 insulse
888 3642 999 3701 astutia
1019 3641 1065 3700 iu·

153 3727 257 3787 suncti
289 3724 371 3805 apud
399 3726 625 3787 sanctissimum
654 3722 811 3791 dominum
839 3722 975 3785 Leonem
1008 3726 1066 3782 etc.

154 3813 288 3889 egcmnt,
310 3813 344 3867 nt
364 3826 459 3869 cuum
471 3809 503 3869 in
516 3826 551 3869 se
571 3808 667 3888 ipsos,
686 3804 748 3867 hoc
768 3812 833 3885 est,
845 3804 878 3865 in
898 3822 1064 3885 personam
