<?xml version="1.0" encoding="UTF-8"?>
<!DOCTYPE html PUBLIC "-//W3C//DTD XHTML 1.0 Transitional//EN"
    "http://www.w3.org/TR/xhtml1/DTD/xhtml1-transitional.dtd">
<html xmlns="http://www.w3.org/1999/xhtml" xml:lang="en" lang="en">
 <head>
  <title>
</title>
<meta http-equiv="Content-Type" content="text/html;charset=utf-8" />
  <meta name='ocr-system' content='tesseract 3.04.00' />
  <meta name='ocr-capabilities' content='ocr_page ocr_carea ocr_par ocr_line ocrx_word'/>
</head>
<body>
  <div class='ocr_page' id='page_1' title='image "./operalatinavari06schmgoog_0491.png"; bbox 0 0 2600 4300; ppageno 0'>
   <div class='ocr_carea' id='block_1_1' title="bbox 357 328 1070 400">
    <p class='ocr_par' dir='ltr' id='par_1_1' title="bbox 357 328 1070 400">
     <span class='ocr_line' id='line_1_1' title="bbox 357 328 1070 400; baseline 0.004 -8"><span class='ocrx_word' id='word_1_1' title='bbox 357 344 453 392; x_wconf 87' lang='lat' dir='ltr'><strong>contra</strong></span> <span class='ocrx_word' id='word_1_2' title='bbox 462 328 527 391; x_wconf 70' lang='lat' dir='ltr'><strong>ital.</strong></span> <span class='ocrx_word' id='word_1_3' title='bbox 541 335 668 393; x_wconf 78' lang='lat' dir='ltr'><strong>&#39;Johann</strong></span> <span class='ocrx_word' id='word_1_4' title='bbox 687 338 762 391; x_wconf 81' lang='lat' dir='ltr'><strong>lictli</strong></span> <span class='ocrx_word' id='word_1_5' title='bbox 776 339 793 392; x_wconf 83' lang='lat' dir='ltr'><strong>J</strong></span> <span class='ocrx_word' id='word_1_6' title='bbox 796 337 865 394; x_wconf 89' lang='lat' dir='ltr'><strong>udic.</strong></span> <span class='ocrx_word' id='word_1_7' title='bbox 1008 335 1070 400; x_wconf 70' lang='lat'><strong>481</strong></span> 
     </span>
    </p>
   </div>
   <div class='ocr_carea' id='block_1_2' title="bbox 147 505 1154 3160">
    <p class='ocr_par' dir='ltr' id='par_1_2' title="bbox 147 505 1073 1500">
     <span class='ocr_line' id='line_1_2' title="bbox 226 505 1070 586; baseline 0 -20"><span class='ocrx_word' id='word_1_8' title='bbox 226 505 318 581; x_wconf 75' lang='lat' dir='ltr'><strong>‘Quid</strong></span> <span class='ocrx_word' id='word_1_9' title='bbox 339 525 423 583; x_wconf 81' lang='lat' dir='ltr'><strong>vero,</strong></span> <span class='ocrx_word' id='word_1_10' title='bbox 445 509 471 566; x_wconf 94' lang='lat' dir='ltr'><strong>si</strong></span> <span class='ocrx_word' id='word_1_11' title='bbox 493 508 663 586; x_wconf 76' lang='lat' dir='ltr'><strong>aequalitas</strong></span> <span class='ocrx_word' id='word_1_12' title='bbox 685 509 743 566; x_wconf 88' lang='lat' dir='ltr'><strong>ista</strong></span> <span class='ocrx_word' id='word_1_13' title='bbox 761 525 870 567; x_wconf 88' lang='lat' dir='ltr'><strong>census</strong></span> <span class='ocrx_word' id='word_1_14' title='bbox 883 507 996 568; x_wconf 84' lang='lat' dir='ltr'><strong>indicet</strong></span> <span class='ocrx_word' id='word_1_15' title='bbox 1016 507 1070 566; x_wconf 79' lang='lat' dir='ltr'><strong>nri·</strong></span> 
     </span>
     <span class='ocr_line' id='line_1_3' title="bbox 149 587 1070 670; baseline 0.002 -23"><span class='ocrx_word' id='word_1_16' title='bbox 149 587 317 649; x_wconf 82' lang='lat' dir='ltr'><strong>nouitatem</strong></span> <span class='ocrx_word' id='word_1_17' title='bbox 338 589 429 667; x_wconf 86' lang='lat' dir='ltr'><strong>Petri,</strong></span> <span class='ocrx_word' id='word_1_18' title='bbox 451 596 485 649; x_wconf 93' lang='lat' dir='ltr'><strong>ut</strong></span> <span class='ocrx_word' id='word_1_19' title='bbox 506 593 578 670; x_wconf 89' lang='lat' dir='ltr'><strong>quia</strong></span> <span class='ocrx_word' id='word_1_20' title='bbox 600 589 732 670; x_wconf 81' lang='lat' dir='ltr'><strong>apostoli</strong></span> <span class='ocrx_word' id='word_1_21' title='bbox 754 588 805 649; x_wconf 89' lang='lat' dir='ltr'><strong>alii</strong></span> <span class='ocrx_word' id='word_1_22' title='bbox 827 589 913 649; x_wconf 85' lang='lat' dir='ltr'><strong>liberi</strong></span> <span class='ocrx_word' id='word_1_23' title='bbox 936 609 954 650; x_wconf 90' lang='lat' dir='ltr'><strong>a</strong></span> <span class='ocrx_word' id='word_1_24' title='bbox 976 607 1070 650; x_wconf 88' lang='lat' dir='ltr'><strong>ceusu</strong></span> 
     </span>
     <span class='ocr_line' id='line_1_4' title="bbox 148 670 1072 752; baseline 0.002 -22"><span class='ocrx_word' id='word_1_25' title='bbox 148 670 284 749; x_wconf 80' lang='lat' dir='ltr'><strong>suerunt,</strong></span> <span class='ocrx_word' id='word_1_26' title='bbox 305 680 340 732; x_wconf 89' lang='lat' dir='ltr'><strong>ut</strong></span> <span class='ocrx_word' id='word_1_27' title='bbox 360 681 392 733; x_wconf 86' lang='lat' dir='ltr'><strong>et</strong></span> <span class='ocrx_word' id='word_1_28' title='bbox 412 679 513 732; x_wconf 86' lang='lat' dir='ltr'><strong>textus</strong></span> <span class='ocrx_word' id='word_1_29' title='bbox 534 671 664 750; x_wconf 78' lang='lat' dir='ltr'><strong>indicat,</strong></span> <span class='ocrx_word' id='word_1_30' title='bbox 687 673 769 752; x_wconf 88' lang='lat' dir='ltr'><strong>quod</strong></span> <span class='ocrx_word' id='word_1_31' title='bbox 792 689 915 732; x_wconf 87' lang='lat' dir='ltr'><strong>censum</strong></span> <span class='ocrx_word' id='word_1_32' title='bbox 940 672 1012 732; x_wconf 83' lang='lat' dir='ltr'><strong>dare</strong></span> <span class='ocrx_word' id='word_1_33' title='bbox 1033 673 1072 732; x_wconf 88' lang='lat' dir='ltr'><strong>sit</strong></span> 
     </span>
     <span class='ocr_line' id='line_1_5' title="bbox 148 753 1071 838; baseline 0.003 -25"><span class='ocrx_word' id='word_1_34' title='bbox 148 773 215 814; x_wconf 89' lang='lat' dir='ltr'><strong>nou</strong></span> <span class='ocrx_word' id='word_1_35' title='bbox 236 754 370 818; x_wconf 82' lang='lat' dir='ltr'><strong>illiorum</strong></span> <span class='ocrx_word' id='word_1_36' title='bbox 391 757 485 835; x_wconf 84' lang='lat' dir='ltr'><strong>regis,</strong></span> <span class='ocrx_word' id='word_1_37' title='bbox 509 755 563 816; x_wconf 89' lang='lat' dir='ltr'><strong>scd</strong></span> <span class='ocrx_word' id='word_1_38' title='bbox 577 773 734 816; x_wconf 82' lang='lat' dir='ltr'><strong>servorum</strong></span> <span class='ocrx_word' id='word_1_39' title='bbox 748 763 777 817; x_wconf 90' lang='lat' dir='ltr'><strong>et</strong></span> <span class='ocrx_word' id='word_1_40' title='bbox 792 757 978 838; x_wconf 84' lang='lat' dir='ltr'><strong>inferiorum,</strong></span> <span class='ocrx_word' id='word_1_41' title='bbox 1000 753 1071 816; x_wconf 87' lang='lat' dir='ltr'><strong>idco</strong></span> 
     </span>
     <span class='ocr_line' id='line_1_6' title="bbox 149 835 1072 917; baseline 0.003 -21"><span class='ocrx_word' id='word_1_42' title='bbox 149 836 293 898; x_wconf 77' lang='lat' dir='ltr'><strong>cbristus</strong></span> <span class='ocrx_word' id='word_1_43' title='bbox 320 857 388 898; x_wconf 92' lang='lat' dir='ltr'><strong>cum</strong></span> <span class='ocrx_word' id='word_1_44' title='bbox 416 839 506 900; x_wconf 88' lang='lat' dir='ltr'><strong>Petro</strong></span> <span class='ocrx_word' id='word_1_45' title='bbox 535 857 569 898; x_wconf 92' lang='lat' dir='ltr'><strong>se</strong></span> <span class='ocrx_word' id='word_1_46' title='bbox 596 839 725 899; x_wconf 87' lang='lat' dir='ltr'><strong>subiecit</strong></span> <span class='ocrx_word' id='word_1_47' title='bbox 751 837 961 916; x_wconf 81' lang='lat' dir='ltr'><strong>interioribus,</strong></span> <span class='ocrx_word' id='word_1_48' title='bbox 989 835 1072 917; x_wconf 91' lang='lat' dir='ltr'><strong>quod</strong></span> 
     </span>
     <span class='ocr_line' id='line_1_7' title="bbox 151 916 1072 1002; baseline 0.002 -23"><span class='ocrx_word' id='word_1_49' title='bbox 151 921 222 980; x_wconf 85' lang='lat' dir='ltr'><strong>aliis</strong></span> <span class='ocrx_word' id='word_1_50' title='bbox 245 916 394 1002; x_wconf 84' lang='lat' dir='ltr'><strong>apostolis</strong></span> <span class='ocrx_word' id='word_1_51' title='bbox 416 939 478 983; x_wconf 89' lang='lat' dir='ltr'><strong>nou</strong></span> <span class='ocrx_word' id='word_1_52' title='bbox 500 924 673 1002; x_wconf 83' lang='lat' dir='ltr'><strong>praecepit,</strong></span> <span class='ocrx_word' id='word_1_53' title='bbox 703 922 757 982; x_wconf 89' lang='lat' dir='ltr'><strong>sed</strong></span> <span class='ocrx_word' id='word_1_54' title='bbox 779 929 810 982; x_wconf 88' lang='lat' dir='ltr'><strong>et</strong></span> <span class='ocrx_word' id='word_1_55' title='bbox 831 921 980 1002; x_wconf 84' lang='lat' dir='ltr'><strong>apostoli,</strong></span> <span class='ocrx_word' id='word_1_56' title='bbox 1002 939 1072 981; x_wconf 89' lang='lat' dir='ltr'><strong>cum</strong></span> 
     </span>
     <span class='ocr_line' id='line_1_8' title="bbox 147 1003 1073 1085; baseline 0.002 -23"><span class='ocrx_word' id='word_1_57' title='bbox 147 1003 230 1063; x_wconf 87' lang='lat' dir='ltr'><strong>idem</strong></span> <span class='ocrx_word' id='word_1_58' title='bbox 254 1011 466 1083; x_wconf 82' lang='lat' dir='ltr'><strong>argumentum</strong></span> <span class='ocrx_word' id='word_1_59' title='bbox 488 1007 702 1085; x_wconf 79' lang='lat' dir='ltr'>conciperent,</span> <span class='ocrx_word' id='word_1_60' title='bbox 725 1005 950 1085; x_wconf 75' lang='lat' dir='ltr'><strong>quodldecius,</strong></span> <span class='ocrx_word' id='word_1_61' title='bbox 975 1005 1073 1085; x_wconf 88' lang='lat' dir='ltr'><strong>suspi-</strong></span> 
     </span>
     <span class='ocr_line' id='line_1_9' title="bbox 149 1087 1073 1169; baseline 0.001 -23"><span class='ocrx_word' id='word_1_62' title='bbox 149 1094 261 1146; x_wconf 78' lang='lat' dir='ltr'><strong>cantes</strong></span> <span class='ocrx_word' id='word_1_63' title='bbox 283 1088 404 1148; x_wconf 88' lang='lat' dir='ltr'><strong>Petrum</strong></span> <span class='ocrx_word' id='word_1_64' title='bbox 428 1087 468 1148; x_wconf 95' lang='lat' dir='ltr'><strong>ob</strong></span> <span class='ocrx_word' id='word_1_65' title='bbox 490 1087 520 1147; x_wconf 95' lang='lat' dir='ltr'><strong>id</strong></span> <span class='ocrx_word' id='word_1_66' title='bbox 542 1091 673 1168; x_wconf 89' lang='lat' dir='ltr'><strong>primum</strong></span> <span class='ocrx_word' id='word_1_67' title='bbox 694 1088 769 1169; x_wconf 76' lang='lat' dir='ltr'><strong>fore,</strong></span> <span class='ocrx_word' id='word_1_68' title='bbox 792 1095 960 1168; x_wconf 88' lang='lat' dir='ltr'><strong>coeperunt</strong></span> <span class='ocrx_word' id='word_1_69' title='bbox 981 1105 1073 1167; x_wconf 91' lang='lat' dir='ltr'><strong>quae·</strong></span> 
     </span>
     <span class='ocr_line' id='line_1_10' title="bbox 148 1171 1073 1252; baseline 0.001 -23"><span class='ocrx_word' id='word_1_70' title='bbox 148 1177 229 1249; x_wconf 77' lang='lat' dir='ltr'><strong>rere,</strong></span> <span class='ocrx_word' id='word_1_71' title='bbox 255 1173 323 1249; x_wconf 90' lang='lat' dir='ltr'><strong>quis</strong></span> <span class='ocrx_word' id='word_1_72' title='bbox 341 1178 428 1230; x_wconf 74' lang='lat' dir='ltr'><strong>‘esset</strong></span> <span class='ocrx_word' id='word_1_73' title='bbox 448 1172 557 1235; x_wconf 87' lang='lat' dir='ltr'><strong>maior.</strong></span> <span class='ocrx_word' id='word_1_74' title='bbox 601 1174 795 1252; x_wconf 87' lang='lat' dir='ltr'><strong>Acceperunt</strong></span> <span class='ocrx_word' id='word_1_75' title='bbox 824 1178 925 1232; x_wconf 89' lang='lat' dir='ltr'><strong>autem</strong></span> <span class='ocrx_word' id='word_1_76' title='bbox 948 1171 1073 1231; x_wconf 86' lang='lat' dir='ltr'><strong>solutio·</strong></span> 
     </span>
     <span class='ocr_line' id='line_1_11' title="bbox 148 1251 1073 1336; baseline 0.001 -24"><span class='ocrx_word' id='word_1_77' title='bbox 148 1271 224 1312; x_wconf 87' lang='lat' dir='ltr'><strong>nem</strong></span> <span class='ocrx_word' id='word_1_78' title='bbox 248 1255 420 1334; x_wconf 84' lang='lat' dir='ltr'><strong>argumenti</strong></span> <span class='ocrx_word' id='word_1_79' title='bbox 442 1255 578 1313; x_wconf 88' lang='lat' dir='ltr'><strong>eiusdem</strong></span> <span class='ocrx_word' id='word_1_80' title='bbox 611 1273 667 1334; x_wconf 89' lang='lat' dir='ltr'><strong>per</strong></span> <span class='ocrx_word' id='word_1_81' title='bbox 687 1251 1003 1336; x_wconf 88' lang='lat' dir='ltr'><strong>interemtationem¹)</strong></span> <span class='ocrx_word' id='word_1_82' title='bbox 1029 1271 1073 1314; x_wconf 89' lang='lat' dir='ltr'><strong>se·</strong></span> 
     </span>
     <span class='ocr_line' id='line_1_12' title="bbox 150 1336 1073 1418; baseline 0 -22"><span class='ocrx_word' id='word_1_83' title='bbox 150 1337 261 1414; x_wconf 88' lang='lat' dir='ltr'><strong>quenti</strong></span> <span class='ocrx_word' id='word_1_84' title='bbox 283 1337 428 1417; x_wconf 83' lang='lat' dir='ltr'><strong>capitulo,</strong></span> <span class='ocrx_word' id='word_1_85' title='bbox 450 1336 610 1417; x_wconf 69' lang='lat' dir='ltr'><strong>prohibiti3</strong></span> <span class='ocrx_word' id='word_1_86' title='bbox 643 1339 771 1418; x_wconf 88' lang='lat' dir='ltr'><strong>nequis</strong></span> <span class='ocrx_word' id='word_1_87' title='bbox 800 1339 899 1398; x_wconf 90' lang='lat' dir='ltr'><strong>maior</strong></span> <span class='ocrx_word' id='word_1_88' title='bbox 919 1338 998 1397; x_wconf 88' lang='lat' dir='ltr'><strong>inter</strong></span> <span class='ocrx_word' id='word_1_89' title='bbox 1019 1353 1073 1396; x_wconf 88' lang='lat' dir='ltr'><strong>eos</strong></span> 
     </span>
     <span class='ocr_line' id='line_1_13' title="bbox 151 1427 384 1500; baseline 0.009 -22"><span class='ocrx_word' id='word_1_90' title='bbox 151 1437 227 1480; x_wconf 90' lang='lat' dir='ltr'><strong>esse</strong></span> <span class='ocrx_word' id='word_1_91' title='bbox 249 1427 384 1500; x_wconf 84' lang='lat' dir='ltr'><strong>cuperet</strong></span> 
     </span>
    </p>

    <p class='ocr_par' dir='ltr' id='par_1_3' title="bbox 149 1501 1154 2810">
     <span class='ocr_line' id='line_1_14' title="bbox 238 1501 1073 1593; baseline -0.001 -31"><span class='ocrx_word' id='word_1_92' title='bbox 238 1502 381 1583; x_wconf 78' lang='lat' dir='ltr'><strong>Apostoli</strong></span> <span class='ocrx_word' id='word_1_93' title='bbox 404 1509 505 1563; x_wconf 87' lang='lat' dir='ltr'><strong>autem</strong></span> <span class='ocrx_word' id='word_1_94' title='bbox 528 1504 710 1564; x_wconf 89' lang='lat' dir='ltr'><strong>solutionem</strong></span> <span class='ocrx_word' id='word_1_95' title='bbox 734 1501 854 1593; x_wconf 89' lang='lat' dir='ltr'><strong>quidem</strong></span> <span class='ocrx_word' id='word_1_96' title='bbox 879 1507 1073 1584; x_wconf 82' lang='lat' dir='ltr'><strong>acceperunt,</strong></span> 
     </span>
     <span class='ocr_line' id='line_1_15' title="bbox 149 1585 1073 1666; baseline 0 -21"><span class='ocrx_word' id='word_1_97' title='bbox 149 1585 209 1646; x_wconf 87' lang='lat' dir='ltr'><strong>sed</strong></span> <span class='ocrx_word' id='word_1_98' title='bbox 232 1585 345 1644; x_wconf 80' lang='lat' dir='ltr'><strong>Eccius</strong></span> <span class='ocrx_word' id='word_1_99' title='bbox 366 1585 445 1646; x_wconf 88' lang='lat' dir='ltr'><strong>forte</strong></span> <span class='ocrx_word' id='word_1_100' title='bbox 466 1587 564 1664; x_wconf 87' lang='lat' dir='ltr'><strong>maior</strong></span> <span class='ocrx_word' id='word_1_101' title='bbox 586 1586 752 1666; x_wconf 76' lang='lat' dir='ltr'><strong>apostolis,</strong></span> <span class='ocrx_word' id='word_1_102' title='bbox 775 1595 806 1646; x_wconf 90' lang='lat' dir='ltr'><strong>et</strong></span> <span class='ocrx_word' id='word_1_103' title='bbox 827 1587 919 1646; x_wconf 88' lang='lat' dir='ltr'><strong>etiam</strong></span> <span class='ocrx_word' id='word_1_104' title='bbox 942 1585 1073 1663; x_wconf 80' lang='lat' dir='ltr'><strong>Christo,</strong></span> 
     </span>
     <span class='ocr_line' id='line_1_16' title="bbox 149 1667 1074 1752; baseline 0.001 -25"><span class='ocrx_word' id='word_1_105' title='bbox 149 1667 414 1746; x_wconf 85' lang='lat' dir='ltr'><strong>inconolusibilis,</strong></span> <span class='ocrx_word' id='word_1_106' title='bbox 441 1687 504 1729; x_wconf 93' lang='lat' dir='ltr'><strong>non</strong></span> <span class='ocrx_word' id='word_1_107' title='bbox 526 1675 573 1728; x_wconf 89' lang='lat' dir='ltr'><strong>est</strong></span> <span class='ocrx_word' id='word_1_108' title='bbox 594 1676 756 1730; x_wconf 86' lang='lat' dir='ltr'><strong>contentus</strong></span> <span class='ocrx_word' id='word_1_109' title='bbox 779 1669 931 1730; x_wconf 89' lang='lat' dir='ltr'><strong>solutione</strong></span> <span class='ocrx_word' id='word_1_110' title='bbox 953 1667 1074 1752; x_wconf 80' lang='lat' dir='ltr'>Christi,</span> 
     </span>
     <span class='ocr_line' id='line_1_17' title="bbox 151 1751 1074 1832; baseline -0.001 -21"><span class='ocrx_word' id='word_1_111' title='bbox 151 1751 258 1811; x_wconf 88' lang='lat' dir='ltr'><strong>adbuc</strong></span> <span class='ocrx_word' id='word_1_112' title='bbox 286 1758 389 1811; x_wconf 86' lang='lat' dir='ltr'><strong>versat</strong></span> <span class='ocrx_word' id='word_1_113' title='bbox 421 1754 651 1831; x_wconf 83' lang='lat' dir='ltr'><strong>quaestionem,</strong></span> <span class='ocrx_word' id='word_1_114' title='bbox 687 1761 717 1812; x_wconf 90' lang='lat' dir='ltr'><strong>et</strong></span> <span class='ocrx_word' id='word_1_115' title='bbox 746 1751 928 1812; x_wconf 82' lang='lat' dir='ltr'><strong>determinat</strong></span> <span class='ocrx_word' id='word_1_116' title='bbox 955 1759 1074 1832; x_wconf 84' lang='lat' dir='ltr'><strong>partem</strong></span> 
     </span>
     <span class='ocr_line' id='line_1_18' title="bbox 151 1829 1073 1912; baseline 0 -18"><span class='ocrx_word' id='word_1_117' title='bbox 151 1835 341 1894; x_wconf 88' lang='lat' dir='ltr'><strong>contrariam</strong></span> <span class='ocrx_word' id='word_1_118' title='bbox 365 1834 502 1909; x_wconf 81' lang='lat' dir='ltr'><strong>Christo,</strong></span> <span class='ocrx_word' id='word_1_119' title='bbox 531 1835 675 1895; x_wconf 84' lang='lat' dir='ltr'><strong>laudabili</strong></span> <span class='ocrx_word' id='word_1_120' title='bbox 700 1829 781 1896; x_wconf 81' lang='lat' dir='ltr'><strong>r&#39;nere</strong></span> <span class='ocrx_word' id='word_1_121' title='bbox 804 1835 1073 1912; x_wconf 69' lang='lat' dir='ltr'><strong>scholasticorum,</strong></span> 
     </span>
     <span class='ocr_line' id='line_1_19' title="bbox 151 1917 1073 1998; baseline 0 -22"><span class='ocrx_word' id='word_1_122' title='bbox 151 1924 185 1977; x_wconf 92' lang='lat' dir='ltr'><strong>et</strong></span> <span class='ocrx_word' id='word_1_123' title='bbox 210 1919 330 1977; x_wconf 82' lang='lat' dir='ltr'><strong>invenit</strong></span> <span class='ocrx_word' id='word_1_124' title='bbox 362 1935 432 1978; x_wconf 90' lang='lat' dir='ltr'><strong>cum</strong></span> <span class='ocrx_word' id='word_1_125' title='bbox 470 1919 533 1977; x_wconf 90' lang='lat' dir='ltr'><strong>suis</strong></span> <span class='ocrx_word' id='word_1_126' title='bbox 561 1917 760 1979; x_wconf 84' lang='lat' dir='ltr'><strong>mendacibus</strong></span> <span class='ocrx_word' id='word_1_127' title='bbox 783 1917 933 1998; x_wconf 78' lang='lat' dir='ltr'><strong>Sophiati&#39;s</strong></span> <span class='ocrx_word' id='word_1_128' title='bbox 960 1935 1073 1978; x_wconf 86' lang='lat' dir='ltr'><strong>novum</strong></span> 
     </span>
     <span class='ocr_line' id='line_1_20' title="bbox 152 1997 1073 2083; baseline -0.001 -23"><span class='ocrx_word' id='word_1_129' title='bbox 152 2018 255 2080; x_wconf 87' lang='lat' dir='ltr'><strong>genus</strong></span> <span class='ocrx_word' id='word_1_130' title='bbox 276 2001 429 2060; x_wconf 86' lang='lat' dir='ltr'><strong>illusionis</strong></span> <span class='ocrx_word' id='word_1_131' title='bbox 460 1998 682 2083; x_wconf 84' lang='lat' dir='ltr'><strong>(distinotionis</strong></span> <span class='ocrx_word' id='word_1_132' title='bbox 712 2001 794 2062; x_wconf 88' lang='lat' dir='ltr'><strong>volui</strong></span> <span class='ocrx_word' id='word_1_133' title='bbox 824 1997 943 2082; x_wconf 86' lang='lat' dir='ltr'><strong>dicere)</strong></span> <span class='ocrx_word' id='word_1_134' title='bbox 967 2017 1073 2061; x_wconf 84' lang='lat' dir='ltr'><strong>sacrae</strong></span> 
     </span>
     <span class='ocr_line' id='line_1_21' title="bbox 151 2082 1073 2165; baseline -0.002 -21"><span class='ocrx_word' id='word_1_135' title='bbox 151 2083 342 2165; x_wconf 71' lang='lat' dir='ltr'><strong>scripturae,</strong></span> <span class='ocrx_word' id='word_1_136' title='bbox 366 2082 480 2162; x_wconf 86' lang='lat' dir='ltr'><strong>dicens,</strong></span> <span class='ocrx_word' id='word_1_137' title='bbox 502 2083 572 2144; x_wconf 86' lang='lat' dir='ltr'><strong>Non</strong></span> <span class='ocrx_word' id='word_1_138' title='bbox 592 2085 795 2145; x_wconf 88' lang='lat' dir='ltr'><strong>maioritatem</strong></span> <span class='ocrx_word' id='word_1_139' title='bbox 817 2083 858 2144; x_wconf 94' lang='lat' dir='ltr'><strong>ibi</strong></span> <span class='ocrx_word' id='word_1_140' title='bbox 880 2082 1073 2164; x_wconf 87' lang='lat' dir='ltr'><strong>prohibitam,</strong></span> 
     </span>
     <span class='ocr_line' id='line_1_22' title="bbox 151 2166 1073 2245; baseline -0.001 -18"><span class='ocrx_word' id='word_1_141' title='bbox 151 2167 210 2227; x_wconf 84' lang='lat' dir='ltr'><strong>aed</strong></span> <span class='ocrx_word' id='word_1_142' title='bbox 232 2166 463 2245; x_wconf 81' lang='lat' dir='ltr'><strong>ambitionem,¹</strong></span> <span class='ocrx_word' id='word_1_143' title='bbox 481 2184 551 2227; x_wconf 91' lang='lat' dir='ltr'><strong>cum</strong></span> <span class='ocrx_word' id='word_1_144' title='bbox 573 2167 680 2228; x_wconf 89' lang='lat' dir='ltr'><strong>eadem</strong></span> <span class='ocrx_word' id='word_1_145' title='bbox 703 2170 822 2229; x_wconf 87' lang='lat' dir='ltr'><strong>ratione</strong></span> <span class='ocrx_word' id='word_1_146' title='bbox 844 2166 1002 2227; x_wconf 88' lang='lat' dir='ltr'><strong>dicendum</strong></span> <span class='ocrx_word' id='word_1_147' title='bbox 1025 2167 1073 2244; x_wconf 87' lang='lat' dir='ltr'><strong>sit,</strong></span> 
     </span>
     <span class='ocr_line' id='line_1_23' title="bbox 152 2241 1154 2331; baseline 0 -22"><span class='ocrx_word' id='word_1_148' title='bbox 152 2268 218 2309; x_wconf 91' lang='lat' dir='ltr'><strong>non</strong></span> <span class='ocrx_word' id='word_1_149' title='bbox 241 2250 434 2328; x_wconf 84' lang='lat' dir='ltr'><strong>servitutem,</strong></span> <span class='ocrx_word' id='word_1_150' title='bbox 456 2251 510 2310; x_wconf 88' lang='lat' dir='ltr'><strong>sed</strong></span> <span class='ocrx_word' id='word_1_151' title='bbox 533 2250 729 2331; x_wconf 86' lang='lat' dir='ltr'><strong>cupiditatem</strong></span> <span class='ocrx_word' id='word_1_152' title='bbox 753 2252 905 2311; x_wconf 83' lang='lat' dir='ltr'><strong>servitutis</strong></span> <span class='ocrx_word' id='word_1_153' title='bbox 928 2262 1073 2330; x_wconf 85' lang='lat' dir='ltr'><strong>praecep·</strong></span> <span class='ocrx_word' id='word_1_154' title='bbox 1145 2241 1154 2255; x_wconf 83' lang='grc'><em>“</em></span> 
     </span>
     <span class='ocr_line' id='line_1_24' title="bbox 152 2330 1074 2412; baseline -0.002 -19"><span class='ocrx_word' id='word_1_155' title='bbox 152 2340 230 2410; x_wconf 84' lang='lat' dir='ltr'><strong>tam,</strong></span> <span class='ocrx_word' id='word_1_156' title='bbox 253 2331 378 2412; x_wconf 84' lang='lat' dir='ltr'><strong>quaudo</strong></span> <span class='ocrx_word' id='word_1_157' title='bbox 401 2330 474 2392; x_wconf 87' lang='lat' dir='ltr'><strong>dicit</strong></span> <span class='ocrx_word' id='word_1_158' title='bbox 486 2332 637 2393; x_wconf 77' lang='lat' dir='ltr'><strong>cbristus:</strong></span> <span class='ocrx_word' id='word_1_159' title='bbox 660 2332 718 2409; x_wconf 82' lang='lat' dir='ltr'><strong>Qui</strong></span> <span class='ocrx_word' id='word_1_160' title='bbox 734 2334 798 2393; x_wconf 86' lang='lat' dir='ltr'><strong>vult</strong></span> <span class='ocrx_word' id='word_1_161' title='bbox 819 2334 915 2394; x_wconf 88' lang='lat' dir='ltr'><strong>maior</strong></span> <span class='ocrx_word' id='word_1_162' title='bbox 936 2350 1014 2412; x_wconf 85' lang='lat' dir='ltr'><strong>esse,</strong></span> <span class='ocrx_word' id='word_1_163' title='bbox 1036 2332 1074 2391; x_wconf 89' lang='lat' dir='ltr'><strong>sit</strong></span> 
     </span>
     <span class='ocr_line' id='line_1_25' title="bbox 155 2414 1072 2498; baseline 0.001 -24"><span class='ocrx_word' id='word_1_164' title='bbox 155 2425 258 2476; x_wconf 84' lang='lat' dir='ltr'><strong>vester</strong></span> <span class='ocrx_word' id='word_1_165' title='bbox 280 2434 395 2478; x_wconf 83' lang='lat' dir='ltr'><strong>servus.</strong></span> <span class='ocrx_word' id='word_1_166' title='bbox 424 2414 485 2475; x_wconf 84' lang='lat' dir='ltr'><strong>late</strong></span> <span class='ocrx_word' id='word_1_167' title='bbox 506 2425 586 2476; x_wconf 89' lang='lat' dir='ltr'><strong>enim</strong></span> <span class='ocrx_word' id='word_1_168' title='bbox 609 2423 657 2477; x_wconf 89' lang='lat' dir='ltr'><strong>est</strong></span> <span class='ocrx_word' id='word_1_169' title='bbox 681 2436 747 2477; x_wconf 87' lang='lat' dir='ltr'><strong>mos</strong></span> <span class='ocrx_word' id='word_1_170' title='bbox 768 2418 931 2498; x_wconf 90' lang='lat' dir='ltr'><strong>impiorum</strong></span> <span class='ocrx_word' id='word_1_171' title='bbox 945 2418 1072 2482; x_wconf 89' lang='lat' dir='ltr'><strong>istorum</strong></span> 
     </span>
     <span class='ocr_line' id='line_1_26' title="bbox 154 2498 1073 2579; baseline -0.001 -20"><span class='ocrx_word' id='word_1_172' title='bbox 154 2501 403 2579; x_wconf 76' lang='lat' dir='ltr'><strong>depravatorum.</strong></span> <span class='ocrx_word' id='word_1_173' title='bbox 446 2498 549 2577; x_wconf 85' lang='lat' dir='ltr'><strong>ltaque</strong></span> <span class='ocrx_word' id='word_1_174' title='bbox 571 2507 678 2560; x_wconf 89' lang='lat' dir='ltr'><strong>autore</strong></span> <span class='ocrx_word' id='word_1_175' title='bbox 700 2500 795 2561; x_wconf 80' lang='lat' dir='ltr'><strong>Eccio</strong></span> <span class='ocrx_word' id='word_1_176' title='bbox 817 2517 878 2561; x_wconf 91' lang='lat' dir='ltr'><strong>non</strong></span> <span class='ocrx_word' id='word_1_177' title='bbox 902 2505 1073 2559; x_wconf 77' lang='lat' dir='ltr'><strong>estmeces-</strong></span> 
     </span>
     <span class='ocr_line' id='line_1_27' title="bbox 156 2581 1073 2662; baseline 0.001 -22"><span class='ocrx_word' id='word_1_178' title='bbox 156 2584 283 2659; x_wconf 85' lang='lat' dir='ltr'><strong>sarium,</strong></span> <span class='ocrx_word' id='word_1_179' title='bbox 304 2588 337 2641; x_wconf 88' lang='lat' dir='ltr'><strong>ut</strong></span> <span class='ocrx_word' id='word_1_180' title='bbox 359 2581 527 2641; x_wconf 86' lang='lat' dir='ltr'><strong>serviamus</strong></span> <span class='ocrx_word' id='word_1_181' title='bbox 541 2583 690 2661; x_wconf 86' lang='lat' dir='ltr'><strong>invicem,</strong></span> <span class='ocrx_word' id='word_1_182' title='bbox 713 2583 766 2643; x_wconf 90' lang='lat' dir='ltr'><strong>sed</strong></span> <span class='ocrx_word' id='word_1_183' title='bbox 781 2582 901 2659; x_wconf 80' lang='lat' dir='ltr'><strong>sufficit,</strong></span> <span class='ocrx_word' id='word_1_184' title='bbox 924 2588 957 2641; x_wconf 92' lang='lat' dir='ltr'><strong>ut</strong></span> <span class='ocrx_word' id='word_1_185' title='bbox 972 2582 1073 2662; x_wconf 88' lang='lat' dir='ltr'><strong>cupia-</strong></span> 
     </span>
     <span class='ocr_line' id='line_1_28' title="bbox 154 2664 1075 2745; baseline -0.001 -19"><span class='ocrx_word' id='word_1_186' title='bbox 154 2684 224 2726; x_wconf 88' lang='lat' dir='ltr'><strong>mus</strong></span> <span class='ocrx_word' id='word_1_187' title='bbox 247 2667 372 2742; x_wconf 80' lang='lat' dir='ltr'><strong>servire,</strong></span> <span class='ocrx_word' id='word_1_188' title='bbox 393 2666 471 2724; x_wconf 89' lang='lat' dir='ltr'><strong>sicut</strong></span> <span class='ocrx_word' id='word_1_189' title='bbox 489 2669 566 2745; x_wconf 89' lang='lat' dir='ltr'><strong>opus</strong></span> <span class='ocrx_word' id='word_1_190' title='bbox 588 2673 636 2725; x_wconf 88' lang='lat' dir='ltr'><strong>est</strong></span> <span class='ocrx_word' id='word_1_191' title='bbox 657 2684 718 2726; x_wconf 89' lang='lat' dir='ltr'><strong>nou</strong></span> <span class='ocrx_word' id='word_1_192' title='bbox 730 2666 847 2727; x_wconf 89' lang='lat' dir='ltr'><strong>ambire</strong></span> <span class='ocrx_word' id='word_1_193' title='bbox 863 2664 1075 2745; x_wconf 81' lang='lat' dir='ltr'><strong>maioritatem,</strong></span> 
     </span>
     <span class='ocr_line' id='line_1_29' title="bbox 154 2748 674 2810; baseline 0 -1"><span class='ocrx_word' id='word_1_194' title='bbox 154 2752 323 2810; x_wconf 87' lang='lat' dir='ltr'><strong>esttamen</strong></span> <span class='ocrx_word' id='word_1_195' title='bbox 348 2748 502 2807; x_wconf 85' lang='lat' dir='ltr'><strong>maioritas</strong></span> <span class='ocrx_word' id='word_1_196' title='bbox 523 2748 674 2809; x_wconf 90' lang='lat' dir='ltr'><strong>adeunda.</strong></span> 
     </span>
    </p>

    <p class='ocr_par' dir='ltr' id='par_1_4' title="bbox 154 2826 1075 3160">
     <span class='ocr_line' id='line_1_30' title="bbox 239 2826 1075 2893; baseline 0.001 -3"><span class='ocrx_word' id='word_1_197' title='bbox 239 2830 300 2890; x_wconf 81' lang='lat' dir='ltr'><strong>sec</strong></span> <span class='ocrx_word' id='word_1_198' title='bbox 334 2826 489 2890; x_wconf 68' lang='lat' dir='ltr'><strong>facessent</strong></span> <span class='ocrx_word' id='word_1_199' title='bbox 521 2831 625 2891; x_wconf 84' lang='lat' dir='ltr'><strong>larvae</strong></span> <span class='ocrx_word' id='word_1_200' title='bbox 668 2832 828 2893; x_wconf 89' lang='lat' dir='ltr'><strong>lamiarum</strong></span> <span class='ocrx_word' id='word_1_201' title='bbox 864 2837 895 2892; x_wconf 91' lang='lat' dir='ltr'><strong>et</strong></span> <span class='ocrx_word' id='word_1_202' title='bbox 934 2829 1075 2893; x_wconf 84' lang='lat' dir='ltr'><strong>nocturni</strong></span> 
     </span>
     <span class='ocr_line' id='line_1_31' title="bbox 156 2912 1074 2991; baseline 0 -17"><span class='ocrx_word' id='word_1_203' title='bbox 156 2914 242 2974; x_wconf 74' lang='lat' dir='ltr'><strong>Elccii</strong></span> <span class='ocrx_word' id='word_1_204' title='bbox 265 2914 415 2991; x_wconf 86' lang='lat' dir='ltr'><strong>lemures,</strong></span> <span class='ocrx_word' id='word_1_205' title='bbox 437 2912 574 2974; x_wconf 79' lang='lat' dir='ltr'><strong>Christus</strong></span> <span class='ocrx_word' id='word_1_206' title='bbox 597 2915 792 2976; x_wconf 79' lang='lat' dir='ltr'><strong>occasionem</strong></span> <span class='ocrx_word' id='word_1_207' title='bbox 815 2914 990 2976; x_wconf 79' lang='lat' dir='ltr'><strong>ambitionis</strong></span> <span class='ocrx_word' id='word_1_208' title='bbox 1012 2924 1074 2974; x_wconf 87' lang='lat' dir='ltr'><strong>am·</strong></span> 
     </span>
     <span class='ocr_line' id='line_1_32' title="bbox 154 2996 1075 3079; baseline -0.002 -22"><span class='ocrx_word' id='word_1_209' title='bbox 154 2998 283 3076; x_wconf 83' lang='lat' dir='ltr'><strong>putavit,</strong></span> <span class='ocrx_word' id='word_1_210' title='bbox 304 2996 416 3057; x_wconf 91' lang='lat' dir='ltr'><strong>tollens</strong></span> <span class='ocrx_word' id='word_1_211' title='bbox 439 2997 656 3067; x_wconf 84' lang='lat' dir='ltr'><strong>maioritatem‚</strong></span> <span class='ocrx_word' id='word_1_212' title='bbox 680 3004 710 3057; x_wconf 88' lang='lat' dir='ltr'><strong>et</strong></span> <span class='ocrx_word' id='word_1_213' title='bbox 730 2997 858 3079; x_wconf 89' lang='lat' dir='ltr'><strong>praebet</strong></span> <span class='ocrx_word' id='word_1_214' title='bbox 879 2999 1075 3058; x_wconf 86' lang='lat' dir='ltr'><strong>occasionem</strong></span> 
     </span>
     <span class='ocr_line' id='line_1_33' title="bbox 155 3079 1075 3160; baseline 0 -21"><span class='ocrx_word' id='word_1_215' title='bbox 155 3079 348 3155; x_wconf 80' lang='lat' dir='ltr'><strong>humilitatis,</strong></span> <span class='ocrx_word' id='word_1_216' title='bbox 374 3080 536 3159; x_wconf 81' lang='lat' dir='ltr'><strong>imponens</strong></span> <span class='ocrx_word' id='word_1_217' title='bbox 563 3080 748 3143; x_wconf 85' lang='lat' dir='ltr'><strong>servitutem.</strong></span> <span class='ocrx_word' id='word_1_218' title='bbox 790 3080 846 3140; x_wconf 92' lang='lat' dir='ltr'><strong>llle</strong></span> <span class='ocrx_word' id='word_1_219' title='bbox 875 3098 949 3160; x_wconf 86' lang='lat' dir='ltr'><strong>ergo</strong></span> <span class='ocrx_word' id='word_1_220' title='bbox 977 3081 1075 3141; x_wconf 90' lang='lat' dir='ltr'><strong>maior</strong></span> 
     </span>
    </p>
   </div>
   <div class='ocr_carea' id='block_1_3' title="bbox 155 3161 1178 3242">
    <p class='ocr_par' dir='ltr' id='par_1_5' title="bbox 155 3161 1178 3242">
     <span class='ocr_line' id='line_1_34' title="bbox 155 3161 1178 3242; baseline -0.003 -19"><span class='ocrx_word' id='word_1_221' title='bbox 155 3164 254 3223; x_wconf 85' lang='lat' dir='ltr'><strong>estin</strong></span> <span class='ocrx_word' id='word_1_222' title='bbox 278 3161 426 3242; x_wconf 88' lang='lat' dir='ltr'><strong>ecclesia,</strong></span> <span class='ocrx_word' id='word_1_223' title='bbox 460 3180 522 3223; x_wconf 92' lang='lat' dir='ltr'><strong>non</strong></span> <span class='ocrx_word' id='word_1_224' title='bbox 557 3163 608 3242; x_wconf 91' lang='lat' dir='ltr'><strong>qui</strong></span> <span class='ocrx_word' id='word_1_225' title='bbox 630 3162 726 3223; x_wconf 87' lang='lat' dir='ltr'><strong>multa</strong></span> <span class='ocrx_word' id='word_1_226' title='bbox 748 3163 863 3225; x_wconf 90' lang='lat' dir='ltr'><strong>ditione</strong></span> <span class='ocrx_word' id='word_1_227' title='bbox 890 3161 1074 3239; x_wconf 87' lang='lat' dir='ltr'><strong>dominatur,</strong></span> <span class='ocrx_word' id='word_1_228' title='bbox 1155 3220 1178 3239; x_wconf 67' lang='lat'>‚</span> 
     </span>
    </p>
   </div>
   <div class='ocr_carea' id='block_1_4' title="bbox 154 3243 1076 3659">
    <p class='ocr_par' dir='ltr' id='par_1_6' title="bbox 154 3243 1076 3659">
     <span class='ocr_line' id='line_1_35' title="bbox 155 3243 1073 3325; baseline -0.002 -20"><span class='ocrx_word' id='word_1_229' title='bbox 155 3245 287 3325; x_wconf 81' lang='lat' dir='ltr'><strong>sed‘qoi</strong></span> <span class='ocrx_word' id='word_1_230' title='bbox 320 3243 415 3303; x_wconf 88' lang='lat' dir='ltr'><strong>multa</strong></span> <span class='ocrx_word' id='word_1_231' title='bbox 436 3244 604 3324; x_wconf 84' lang='lat' dir='ltr'><strong>humilitate</strong></span> <span class='ocrx_word' id='word_1_232' title='bbox 636 3247 738 3309; x_wconf 87' lang='lat' dir='ltr'><strong>servit.</strong></span> <span class='ocrx_word' id='word_1_233' title='bbox 792 3247 852 3307; x_wconf 87' lang='lat' dir='ltr'><strong>Iste</strong></span> <span class='ocrx_word' id='word_1_234' title='bbox 882 3252 929 3306; x_wconf 89' lang='lat' dir='ltr'><strong>est</strong></span> <span class='ocrx_word' id='word_1_235' title='bbox 964 3259 1073 3305; x_wconf 87' lang='lat' dir='ltr'><strong>seusus</strong></span> 
     </span>
     <span class='ocr_line' id='line_1_36' title="bbox 155 3326 1073 3409; baseline -0.003 -21"><span class='ocrx_word' id='word_1_236' title='bbox 155 3346 250 3409; x_wconf 90' lang='lat' dir='ltr'><strong>purus</strong></span> <span class='ocrx_word' id='word_1_237' title='bbox 273 3326 434 3407; x_wconf 83' lang='lat' dir='ltr'><strong>evangelii,</strong></span> <span class='ocrx_word' id='word_1_238' title='bbox 458 3330 484 3387; x_wconf 87' lang='lat' dir='ltr'><strong>si</strong></span> <span class='ocrx_word' id='word_1_239' title='bbox 504 3328 770 3391; x_wconf 82' lang='lat' dir='ltr'><strong>veneuaEcciaue</strong></span> <span class='ocrx_word' id='word_1_240' title='bbox 788 3329 965 3407; x_wconf 82' lang='lat' dir='ltr'><strong>excluseris,</strong></span> <span class='ocrx_word' id='word_1_241' title='bbox 988 3328 1073 3387; x_wconf 88' lang='lat' dir='ltr'><strong>cuius</strong></span> 
     </span>
     <span class='ocr_line' id='line_1_37' title="bbox 154 3409 1076 3491; baseline -0.002 -20"><span class='ocrx_word' id='word_1_242' title='bbox 154 3412 314 3491; x_wconf 84' lang='lat' dir='ltr'><strong>ingenium</strong></span> <span class='ocrx_word' id='word_1_243' title='bbox 335 3419 382 3471; x_wconf 85' lang='lat' dir='ltr'><strong>est</strong></span> <span class='ocrx_word' id='word_1_244' title='bbox 392 3410 571 3471; x_wconf 83' lang='lat' dir='ltr'><strong>Abimelecb</strong></span> <span class='ocrx_word' id='word_1_245' title='bbox 582 3410 621 3491; x_wconf 63' lang='grc'><strong>1)</strong></span> <span class='ocrx_word' id='word_1_246' title='bbox 644 3414 763 3485; x_wconf 88' lang='lat' dir='ltr'><strong>imitari,</strong></span> <span class='ocrx_word' id='word_1_247' title='bbox 786 3420 817 3473; x_wconf 86' lang='lat' dir='ltr'><strong>et</strong></span> <span class='ocrx_word' id='word_1_248' title='bbox 828 3412 925 3473; x_wconf 88' lang='lat' dir='ltr'><strong>caesis</strong></span> <span class='ocrx_word' id='word_1_249' title='bbox 941 3411 979 3471; x_wconf 91' lang='lat' dir='ltr'><strong>de</strong></span> <span class='ocrx_word' id='word_1_250' title='bbox 996 3409 1076 3470; x_wconf 90' lang='lat' dir='ltr'><strong>saltu</strong></span> 
     </span>
     <span class='ocr_line' id='line_1_38' title="bbox 155 3492 1075 3573; baseline -0.002 -19"><span class='ocrx_word' id='word_1_251' title='bbox 155 3496 276 3555; x_wconf 85' lang='lat' dir='ltr'><strong>aelmon</strong></span> <span class='ocrx_word' id='word_1_252' title='bbox 299 3494 391 3554; x_wconf 84' lang='lat' dir='ltr'><strong>ramis</strong></span> <span class='ocrx_word' id='word_1_253' title='bbox 420 3493 524 3573; x_wconf 83' lang='lat' dir='ltr'><strong>ignem</strong></span> <span class='ocrx_word' id='word_1_254' title='bbox 556 3494 674 3573; x_wconf 85' lang='lat' dir='ltr'><strong>facere,</strong></span> <span class='ocrx_word' id='word_1_255' title='bbox 706 3514 777 3572; x_wconf 86' lang='lat' dir='ltr'><strong>seu,</strong></span> <span class='ocrx_word' id='word_1_256' title='bbox 812 3502 845 3555; x_wconf 91' lang='lat' dir='ltr'><strong>ut</strong></span> <span class='ocrx_word' id='word_1_257' title='bbox 866 3494 924 3555; x_wconf 91' lang='lat' dir='ltr'><strong>lsa.</strong></span> <span class='ocrx_word' id='word_1_258' title='bbox 947 3494 1014 3571; x_wconf 66' lang='lat' dir='ltr'><strong>lb,</strong></span> <span class='ocrx_word' id='word_1_259' title='bbox 1037 3492 1075 3552; x_wconf 93' lang='lat' dir='ltr'><strong>de</strong></span> 
     </span>
     <span class='ocr_line' id='line_1_39' title="bbox 155 3574 1074 3659; baseline -0.005 -20"><span class='ocrx_word' id='word_1_260' title='bbox 155 3578 242 3659; x_wconf 80' lang='lat' dir='ltr'><strong>ligno</strong></span> <span class='ocrx_word' id='word_1_261' title='bbox 264 3576 438 3658; x_wconf 83' lang='lat' dir='ltr'><strong>Scripturae</strong></span> <span class='ocrx_word' id='word_1_262' title='bbox 454 3576 516 3656; x_wconf 86' lang='lat' dir='ltr'><strong>sibi</strong></span> <span class='ocrx_word' id='word_1_263' title='bbox 538 3576 656 3639; x_wconf 89' lang='lat' dir='ltr'><strong>idolum</strong></span> <span class='ocrx_word' id='word_1_264' title='bbox 677 3576 793 3658; x_wconf 86' lang='lat' dir='ltr'><strong>lacere,</strong></span> <span class='ocrx_word' id='word_1_265' title='bbox 823 3577 896 3639; x_wconf 90' lang='lat' dir='ltr'><strong>dum</strong></span> <span class='ocrx_word' id='word_1_266' title='bbox 918 3594 1011 3638; x_wconf 90' lang='lat' dir='ltr'><strong>unum</strong></span> <span class='ocrx_word' id='word_1_267' title='bbox 1032 3574 1074 3635; x_wconf 93' lang='lat' dir='ltr'><strong>lo·</strong></span> 
     </span>
    </p>
   </div>
   <div class='ocr_carea' id='block_1_5' title="bbox 229 3754 747 3909">
    <p class='ocr_par' dir='ltr' id='par_1_7' title="bbox 229 3754 747 3909">
     <span class='ocr_line' id='line_1_40' title="bbox 229 3754 747 3839; baseline -0.008 -16"><span class='ocrx_word' id='word_1_268' title='bbox 229 3768 259 3833; x_wconf 86' lang='grc'><strong>1)</strong></span> <span class='ocrx_word' id='word_1_269' title='bbox 275 3754 307 3821; x_wconf 85' lang='lat' dir='ltr'><strong>Iu</strong></span> <span class='ocrx_word' id='word_1_270' title='bbox 326 3766 369 3822; x_wconf 90' lang='lat' dir='ltr'><strong>ed.</strong></span> <span class='ocrx_word' id='word_1_271' title='bbox 388 3768 464 3823; x_wconf 73' lang='lat' dir='ltr'><strong>ten:</strong></span> <span class='ocrx_word' id='word_1_272' title='bbox 483 3770 747 3839; x_wconf 87' lang='lat' dir='ltr'><strong>interpretationem.</strong></span> 
     </span>
     <span class='ocr_line' id='line_1_41' title="bbox 230 3839 400 3909; baseline 0 -16"><span class='ocrx_word' id='word_1_273' title='bbox 230 3840 261 3909; x_wconf 62' lang='lat' dir='ltr'><strong>r)</strong></span> <span class='ocrx_word' id='word_1_274' title='bbox 278 3839 353 3893; x_wconf 76' lang='lat' dir='ltr'><strong>saur.</strong></span> <span class='ocrx_word' id='word_1_275' title='bbox 372 3840 400 3897; x_wconf 86' lang='lat' dir='ltr'><strong>s.</strong></span> 
     </span>
    </p>
   </div>
   <div class='ocr_carea' id='block_1_6' title="bbox 181 3941 900 4009">
    <p class='ocr_par' dir='ltr' id='par_1_8' title="bbox 181 3941 900 4009">
     <span class='ocr_line' id='line_1_42' title="bbox 181 3941 900 4009; baseline -0.008 -23"><span class='ocrx_word' id='word_1_276' title='bbox 181 3944 276 3986; x_wconf 78' lang='lat' dir='ltr'><strong>Lutbsri</strong></span> <span class='ocrx_word' id='word_1_277' title='bbox 288 3955 339 3996; x_wconf 78' lang='lat' dir='ltr'><strong>opp.</strong></span> <span class='ocrx_word' id='word_1_278' title='bbox 352 3945 379 3988; x_wconf 78' lang='lat' dir='ltr'><strong>V.</strong></span> <span class='ocrx_word' id='word_1_279' title='bbox 392 3944 420 3986; x_wconf 83' lang='grc' dir='ltr'><strong>Δ.</strong></span> <span class='ocrx_word' id='word_1_280' title='bbox 434 3941 512 3985; x_wconf 73' lang='lat' dir='ltr'><strong>suras</strong></span> <span class='ocrx_word' id='word_1_281' title='bbox 525 3942 604 3984; x_wconf 76' lang='lat' dir='ltr'><strong>luisti.</strong></span> <span class='ocrx_word' id='word_1_282' title='bbox 623 3953 646 3993; x_wconf 83' lang='lat' dir='ltr'><strong>p.</strong></span> <span class='ocrx_word' id='word_1_283' title='bbox 659 3942 746 3985; x_wconf 70' lang='lat' dir='ltr'><strong>vein.</strong></span> <span class='ocrx_word' id='word_1_284' title='bbox 860 3944 900 4009; x_wconf 80' lang='lat'><strong>31</strong></span> 
     </span>
    </p>
   </div>
   <div class='ocr_carea' id='block_1_7' title="bbox 0 0 1312 4300">
    <p class='ocr_par' dir='ltr' id='par_1_9' title="bbox 0 0 1312 4300">
     <span class='ocr_line' id='line_1_43' title="bbox 0 0 1312 4300; baseline 0 0"><span class='ocrx_word' id='word_1_285' title='bbox 0 0 1312 4300; x_wconf 95' lang='lat' dir='ltr'><strong> </strong></span> 
     </span>
    </p>
   </div>
  </div>
 </body>
</html>
