2600 4300
384 343 480 395 conus
497 338 559 394 llal.
577 339 697 394 lolrsuu.
717 338 793 393 llocil
810 337 872 392 lud.
1016 333 1078 404 493

151 513 209 568 tus
239 514 290 570 est
316 509 374 570 toti
402 508 471 574 orbi
494 507 630 587 honora,
652 513 683 568 et
708 509 739 568 in
763 507 913 569 ecelesiae
933 525 1078 590 persuum

153 609 241 671 quae
263 598 313 652 est
331 597 430 652 mater
449 592 587 652 omnium
607 597 755 655 nostrum.
813 641 817 646 .

243 673 359 749 Quinto
380 674 498 736 inducit
518 675 675 754 Leonem,
705 693 730 736 e.
752 674 950 734 Beatissimus
970 675 1079 736 Petrus

152 776 178 816 a
200 757 337 823 Domino
358 758 479 838 accepit
499 760 676 838 primatum,
703 776 809 818 verum
836 765 897 836 esi,
927 757 982 818 sed
1014 776 1078 820 non

154 859 324 902 successor
343 841 424 902 Petri
444 839 536 902 idem.
570 840 632 902 Sed
653 859 722 902 cunr
744 840 883 901 Decretis
912 841 986 900 nihil
1007 859 1078 923 ego,

154 925 234 1003 quis
254 923 450 1005 frigidissime
470 931 604 985 tractem
621 923 798 986 verbsllei.
821 922 911 998 Quod
923 941 997 985 vero
1008 925 1080 986 Bere

154 1006 291 1068 nardum
311 1006 449 1084 inducit,
471 1027 535 1068 nou
556 1014 683 1088 pugnat
712 1006 798 1068 Beda
819 1007 888 1087 plue
910 1025 966 1087 pro
989 1007 1079 1070 uobis

153 1090 249 1168 lacit,
271 1090 393 1152 Petrum
416 1089 574 1152 conlidens
591 1090 805 1171 apostolorum
826 1108 989 1169 per-sonem
1012 1109 1079 1172 gese

154 1175 250 1252 sisse,
269 1173 342 1235 ideo
364 1173 494 1236 subdole
514 1173 615 1235 solum
636 1192 752 1234 nomen
780 1175 844 1233 eins
867 1172 978 1234 Eoeius
1000 1183 1079 1236 retu-

154 1257 205 1335 lit,
226 1265 368 1320 metiens
390 1258 457 1318 cius
477 1257 662 1318 sententium
684 1256 741 1318 sibi
764 1257 907 1336 noxiam,
929 1257 1008 1318 adeo
1031 1277 1101 1340 cyp

155 1339 357 1420 cophsnlisat
376 1341 554 1422 dicologus..

244 1423 315 1484 Jam
342 1430 374 1484 et
393 1424 575 1505 Dionysium
604 1441 672 1502 cap.
695 1424 724 1487 3.
752 1422 791 1482 de
821 1422 929 1482 divinis
950 1425 1081 1484 nomini*

155 1505 217 1567 bus
241 1506 272 1583 ¹)
298 1507 437 1584 adducit,
471 1507 559 1586 qussi
586 1505 638 1567 hic
659 1505 698 1565 de
725 1523 807 1586 papa
830 1507 944 1567 nonno
968 1505 1079 1568 Ghrisii

156 1596 192 1650 et
211 1588 321 1670 Petro,
357 1609 450 1670 super
470 1607 579 1651 omnes
600 1589 747 1649 ecclesius
771 1590 952 1668 constituto,
987 1589 1078 1669 dicet,

156 1691 230 1732 cum
254 1673 331 1734 nihil
350 1673 473 1733 illorum
493 1673 614 1753 impium
639 1673 681 1732 sit
706 1672 739 1731 in
761 1671 922 1751 Dionysio.
964 1673 1075 1766 Di⁸P¹¹i

157 1763 211 1816 cet
233 1755 309 1816 mihi
331 1755 469 1818 Ecciuna
485 1757 545 1816 ista
565 1755 710 1831 audacia,
737 1773 817 1833 quse
839 1763 901 1814 tam
923 1766 1079 1836 contemp·

156 1840 215 1900 tim
237 1837 278 1899 de
299 1840 435 1903 omnium
455 1840 587 1919 ingeniis
608 1845 641 1898 et
662 1836 769 1898 studiis
787 1839 894 1916 sentit,
921 1845 956 1898 ut
976 1845 1080 1920 speret

156 1941 193 1981 se
220 1923 389 2000 universis,
417 1939 481 1982 nnn
503 1939 593 1982 secus
612 1939 651 1981 ac
671 1919 792 1986 stolidis
814 1929 845 1980 et
865 1921 994 2002 stupidis
1015 1940 1078 1983 mo·

155 2005 307 2082 sionibus,
328 2023 422 2084 posse
443 2004 544 2082 abuti,
565 2004 704 2084 allegans
727 2021 806 2082 quae
829 2021 980 2084 nusquam
998 2012 1077 2084 suut,

156 2086 346 2169 depravans,
369 2107 449 2168 quae
468 2105 596 2167 usquam
619 2094 706 2165 sunt,
729 2088 893 2167 ornuiaque
914 2107 970 2168 pro
994 2107 1077 2150 mers

157 2171 287 2233 libidine
298 2178 429 2234 tentans.
452 2170 584 2247 Quodsi
604 2172 731 2231 omniuo
748 2170 859 2251 placet,
880 2173 1007 2233 nomine
1022 2190 1076 2233 au-

157 2262 262 2317 torum
283 2272 490 2332 coacervare,
512 2254 675 2317 consilium
696 2252 850 2332 dederim,
873 2260 914 2314 ut=
927 2262 1078 2336 martyro·

157 2338 279 2419 logium
300 2345 355 2397 aut
374 2337 580 2418 calendarium
602 2336 867 2417 apprehenderet,
896 2358 936 2398 ue
956 2340 1075 2399 interim

157 2428 209 2482 tot
228 2420 399 2482 mendaciis
415 2420 537 2482 Patrunu
559 2426 592 2481 et
611 2420 785 2499 Scripturas
815 2419 910 2482 verbe
930 2440 1076 2502 conspur-

160 2511 256 2566 caret.

244 2586 341 2648 Sexto
362 2586 509 2667 cypriani
528 2586 650 2665 locum,
684 2604 775 2665 quem
797 2586 919 2666 Lipsiae
940 2606 1003 2649 non
1024 2606 1079 2668 po-

160 2670 221 2731 tuit
241 2669 393 2749 indicare,
414 2688 473 2731 nec
492 2668 586 2729 modo
608 2668 703 2731 audet
722 2670 895 2748 nominare,
918 2672 976 2730 nisi
996 2670 1079 2749 quod

160 2752 214 2815 lib.
238 2756 267 2815 1.
285 2752 491 2833 Epistularum
514 2753 602 2813 citat:
622 2750 702 2815 adeo
724 2756 786 2813 nou
809 2754 876 2833 ipse
897 2753 970 2833 legit
992 2760 1079 2815 autu·

160 2855 229 2914 res,
251 2835 308 2897 sed
328 2856 384 2915 per
402 2835 622 2916 compilatores
642 2836 780 2915 excerpit
799 2834 898 2915 dicte,
921 2854 1000 2915 quae
1022 2855 1081 2899 suo

163 2921 300 2981 serviunt
320 2920 416 2980 errori
436 2937 617 2999 quecunque
630 2920 744 2999 specie.
765 2918 951 2999 Respondeo
965 2926 1078 2999 minen,

163 3002 249 3083 quod
270 3010 319 3063 est
339 3002 481 3082 Epistola
500 3003 590 3063 tertia
610 3001 662 3062 lib.
676 3006 702 3063 l.
723 3000 764 3061 ad
786 3000 971 3082 Cornelium,
986 3022 1077 3083 quarn

163 3086 286 3166 lipsiae
306 3086 412 3145 nescio
434 3084 474 3144 ad
496 3102 586 3164 quern
605 3102 675 3143 esse
696 3085 860 3145 somniavit
879 3082 924 3167 ²).

246 3166 322 3229 Post
341 3169 402 3229 iste
424 3166 669 3247 (inquit)adhuc
688 3167 813 3247 insuper
829 3166 1075 3249 pseudepiscopo

163 3250 221 3313 sibi
243 3250 283 3312 ab
303 3250 467 3311 haereticis
489 3251 653 3311 constituto
676 3250 821 3330 navigare
842 3248 964 3327 sudent,
987 3250 1078 3311 etad

163 3333 246 3395 Petri
265 3332 441 3395 cathedram
463 3340 555 3412 atque
576 3332 738 3393 ecclesiam
760 3332 973 3413 principalem,
996 3333 1078 3395 uude

162 3418 265 3479 unitas
288 3416 488 3479 sacerdotulis
515 3422 625 3477 exorta
644 3420 693 3475 est
713 3422 771 3477 etc.
799 3415 885 3475 Tunc
911 3416 1002 3477 infert
1022 3416 1078 3477 lic-

164 3501 246 3561 cius:
267 3500 351 3581 Ergo
369 3500 526 3560 Romanus
547 3498 687 3579 pontifex
712 3500 778 3558 iure
799 3500 960 3578 potestatis
983 3501 1080 3563 omni·

161 3584 219 3647 bus
241 3585 383 3665 superior
407 3588 464 3644 est.
495 3580 548 3643 Sic
567 3582 650 3642 enirn
671 3588 820 3662 perpetuo
843 3580 972 3660 delirat,
993 3582 1078 3662 quid·

162 3666 235 3749 quid
255 3666 390 3729 voluerit
408 3664 571 3726 inPstrum
593 3662 682 3724 dictis
704 3664 889 3747 intelligens.
907 3664 1077 3747 Cyprianus
1116 3729 1118 3733 ,

216 3847 249 3918 1)
270 3848 301 3902 n
318 3847 363 3904 su.
379 3848 480 3917 erue:
498 3845 534 3899 ro
551 3844 589 3901 ss
606 3858 654 3899 nu
689 3843 725 3911 2)
742 3843 832 3899 nra:
849 3847 999 3901 nunus
1130 3827 1135 3835 '
