2600 4300
243 320 309 392 2¹2
487 328 683 383 seorsum
700 324 809 397 usspss.
829 327 907 381 mre.

244 494 354 575 biguis,
376 494 431 556 sed
452 495 552 577 oloris,
574 496 707 578 opertis,
728 496 867 558 rotundis
889 496 992 559 verbis
1015 432 1090 556 dioit
1107 492 1159 570 *)=

115 632 126 641 .
246 576 459 659 Quodounque
480 580 624 660 ligaveris
646 597 738 661 super
760 587 881 659 terrem
903 580 1034 662 ligetum
1057 579 1113 639 erit
1133 585 1163 638 et

244 662 275 720 iu
304 662 422 740 coelis,
455 670 500 723 et·
518 664 723 744 quodeunque
752 662 882 724 solveris
917 682 1011 744 super
1043 667 1162 741 terrem,

245 744 378 804 solutum
402 747 460 805 erit
481 753 513 806 et
533 748 565 807 in
587 748 693 808 eoelis.
735 745 805 807 Non
827 747 939 807 frustra
961 745 1088 823 edieeit,
1110 742 1160 805 Su·

243 844 300 906 per
320 836 442 906 terrem,
464 828 617 908 alioquin,
639 830 699 890 nisi
719 830 904 911 restringere
924 829 1080 890 voluisset
1112 844 1162 906 po·

244 915 386 974 mantem
420 912 570 988 clerium,
609 914 684 973 sotis
718 912 818 973 iuerat
845 912 976 989 dixisse,
1000 908 1162 985 Quodoun-

244 1010 305 1071 que
332 992 481 1071 solveris,
517 994 652 1055 solutum
676 996 741 1057 erit.
774 994 837 1055 Aut
864 1014 940 1075 ergo
962 994 1106 1055 Christus
1133 998 1165 1051 ut

244 1082 377 1155 nugator
397 1075 556 1156 supeilluit
576 1076 693 1155 verbis,
718 1084 771 1138 eut
791 1084 929 1158 potestus
958 1077 1096 1138 elusium
1118 1094 1163 1135 so·

244 1157 403 1219 lummodo
426 1167 473 1219 est
495 1178 588 1241 super
607 1167 730 1243 terrum.
1005 1200 1017 1217 ι

326 1239 388 1301 seu
409 1241 469 1319 hio,
492 1261 511 1303 o
534 1242 618 1303 bone
638 1243 733 1320 Deus,
755 1262 847 1322 quem
868 1248 1014 1324 prompte
1027 1248 1079 1302 est
1094 1258 1165 1321 quo·

242 1322 370 1384 rundem
392 1326 579 1405 superstitio,
600 1326 653 1405 qui
675 1326 742 1386 sine
763 1326 840 1386 soitu
863 1332 895 1387 et
915 1326 982 1386 sine
1004 1324 1166 1385 voluntate

242 1424 344 1487 pupae
364 1407 474 1467 volunt
493 1409 524 1467 in
545 1408 593 1469 his
615 1407 715 1469 verbis
738 1414 923 1489 potestatem
946 1410 976 1469 ei
999 1408 1095 1486 dere,
1117 1406 1164 1467 ubi

242 1490 309 1568 ipse
331 1488 505 1570 suffrogium
527 1491 585 1551 sibi
606 1496 734 1571 usurpat
754 1490 912 1553 duntaxat.
941 1492 982 1552 Et
1004 1510 1077 1551 oum
1101 1507 1164 1550 seu-

242 1574 335 1632 tirent
362 1573 441 1633 hseo
468 1573 562 1634 verbe
589 1574 702 1635 Christi
735 1574 792 1636 sibi
819 1575 938 1635 fortiter
961 1574 1111 1635 resistere
1137 1579 1166 1632 et

244 1672 377 1715 errorem
393 1656 561 1735 oonlutere,
583 1676 646 1717 non
669 1656 701 1717 id
723 1664 861 1737 egerunt,
882 1664 915 1717 ut
937 1657 1052 1718 erroris
1065 1661 1163 1737 petro-

243 1738 357 1797 oinium
379 1737 565 1819 desererent,
589 1747 620 1801 et
640 1740 742 1801 verbis
755 1739 867 1801 Christi
887 1740 1078 1821 incorruptis
1100 1756 1164 1797 seu-

130 1817 133 1828 '
242 1840 308 1879 sum
333 1840 419 1880 suum
433 1822 714 1901 eooommoderent,
737 1822 792 1883 sed
806 1823 953 1897 oontrelt
979 1822 1078 1892 serbe
1101 1822 1163 1883 eius

242 1905 345 1964 sensui
366 1923 423 1965 suo
445 1913 590 1985 eorrupto
612 1906 850 1967 eooommodent
877 1912 909 1966 et
930 1911 1095 1985 torquent,
1123 1903 1163 1963 di-

241 1995 360 2047 eentes:
388 1987 481 2065 Illud,
510 2008 602 2069 super
622 1995 750 2067 terrem,
777 1995 881 2069 potest
906 1988 1080 2069 dupliciter*
1095 2005 1164 2047 oon-

241 2071 325 2149 strui,
348 2089 410 2131 uuo
431 2071 536 2151 modo,
558 2079 592 2132 ut
604 2071 644 2131 ed
662 2072 847 2152 solventem,
870 2071 1054 2151 ullomodo,
1077 2068 1163 2131 uted

241 2153 423 2214 solvendum
446 2157 607 2237 pertineat.
628 2155 670 2216 Et
691 2157 797 2236 primo
811 2155 904 2216 modo
927 2155 1162 2216 esseChristum

239 2237 483 2320 intelligendum,
504 2239 631 2316 soiliost,
654 2235 858 2318 quodeunque
869 2239 986 2318 Petrus,
1009 2237 1085 2298 dum
1103 2237 1162 2296 fue·

239 2320 278 2379 rit
298 2327 532 2400 superterram,
554 2322 698 2398 solverit,
720 2321 853 2382 solutum
876 2322 932 2382 erit
953 2328 985 2382 et
1005 2322 1038 2380 in
1056 2319 1161 2382 coelis.

240 2401 391 2464 Veientes
413 2403 502 2482 forte,
525 2404 618 2484 quod,
640 2406 699 2464 etsi
721 2403 877 2464 diabolum
888 2404 1024 2466 solveret
1050 2401 1161 2482 (modo

239 2485 305 2564 ipse
316 2487 443 2546 solvens
465 2507 557 2567 super
577 2495 689 2547 terram
707 2485 775 2569 sit),
798 2487 915 2548 solutus
937 2488 995 2547 erit
1014 2488 1048 2547 in
1063 2485 1159 2547 eoelo.

238 2567 317 2626 Nem
340 2571 391 2648 qui
414 2569 502 2630 dioit:
532 2569 761 2649 Quodcunque,
783 2577 815 2630 et
835 2569 910 2630 nihil
931 2569 1018 2630 addit
1035 2589 1099 2649 quo
1117 2585 1159 2627 re·

239 2652 378 2732 stringet,
401 2654 599 2713 omuiooerte
619 2651 762 2713 solubilia
784 2671 852 2713 esse
875 2653 1017 2714 ostendit.
1036 2652 1158 2728 Nescio,

240 2734 348 2812 quihus
364 2734 466 2796 verbis
488 2735 568 2796 huno
581 2735 687 2796 rudem
701 2741 732 2795 et
741 2735 887 2796 insulsum
900 2737 1159 2816 superstitionem,

238 2817 301 2878 imo
324 2819 525 2879 temeritatem
548 2819 689 2879 insector.
727 2817 968 2900 Hieronymieno
997 2815 1157 2880 stomeoho

239 2907 271 2960 et
292 2901 415 2980 eloquio
437 2901 548 2981 diguus
570 2902 621 2961 hio
643 2907 710 2962 eret
731 2907 830 2982 sutor,
852 2907 1074 2963 utssnoterum
1096 2919 1157 2960 ver-

239 2983 310 3044 bum
328 2983 439 3044 Christi
459 2990 522 3044 tem
542 2984 644 3044 sudox
665 2984 813 3045 violentie
835 2991 865 3044 et
887 2985 1042 3065 corruptio
1065 2981 1156 3044 vindi·

239 3072 367 3126 seretur.
389 3067 430 3126 let
450 3067 633 3127 utomittum
656 3068 896 3149 grammaticum,
919 3085 997 3146 quse
1017 3067 1069 3127 vel
1091 3064 1156 3126 sole

237 3149 338 3230 potuit
370 3167 425 3209 eos
448 3149 578 3228 dooere,
607 3169 669 3210 non
692 3169 785 3230 posse
800 3150 1010 3210 hunoeorum
1035 3166 1154 3210 sensum

237 3233 304 3292 istis
325 3231 427 3292 verbis
449 3240 541 3309 sture,
563 3232 617 3292 sed
631 3234 730 3314 magis
743 3251 840 3294 noves
857 3232 1044 3310 dieleotious,
1067 3249 1153 3311 quem

236 3334 340 3376 verum
364 3323 533 3393 sequuntur
553 3317 793 3396 grammaticam.
895 3366 904 3385 ,

319 3397 469 3458 Videntur
490 3399 541 3458 isti
562 3417 601 3458 eo
623 3415 721 3479 usque
744 3399 891 3480 sepuisse,
915 3398 1001 3477 quusi
1021 3397 1152 3459 Christus

237 3482 379 3558 timuerit,
401 3499 442 3540 ne
462 3479 585 3567 quando
609 3480 679 3541 tulis
694 3480 800 3542 Petrus
821 3480 872 3542 vel
894 3499 975 3562 pepe
994 3481 1083 3560 leret,
1105 3477 1152 3558 qui

291 3708 432 3784 *tuum
456 3723 496 3778 rs.
537 3730 544 3742 ·

292 3790 319 3855 1)
336 3791 419 3844 ibid:
438 3799 560 3850 smnus.
