2600 4300
146 252 155 260 Α
220 295 261 363 10
473 299 629 372 Emensis
647 300 687 356 D.·
702 299 779 364 licut.
799 300 911 368 Luthml

219 472 316 539 aaut
360 472 448 537 Istae.
462 478 534 537 nunt
552 472 750 552 inimicitiae,
769 491 855 552 uuae,
870 473 974 552 poenit
993 472 1143 539 Densiu-

218 562 265 618 ter
298 575 403 616 semen
429 555 579 637 seipentis
600 562 632 616 ct
655 575 762 619 semen
777 555 919 622 ,mulieris
947 555 1007 637 *),
1030 555 1144 634 idest,

217 641 297 701 inter
318 657 443 700 carnem
464 648 497 699 et
516 640 671 718 spiritum,
705 640 787 705 inter
806 640 1089 719 concupiscentiam
1111 647 1146 700 et

218 724 385 784 caritatem.
429 720 520 797 Quod
541 741 615 802 ergo
645 742 709 784 non
732 723 816 787 omni
842 730 982 802 tempore
1002 723 1144 803 poenite·

218 825 285 865 mus
307 812 338 865 et
358 806 585 885 resipiscimus,
615 806 721 866 vitium
751 812 813 883 ast,
848 806 920 880 licet
947 806 1144 885 impassibile

218 889 260 950 sit
279 887 353 967 lieri,
375 885 527 960 conclusit
547 889 630 948 enim
652 888 735 950 Deus
758 907 866 950 omnes
890 888 948 952 suh
967 895 1145 968 peccatum,

217 976 252 1030 ut
271 972 406 1032 omnium
428 973 610 1032 miscreatur
634 971 703 1042 **).

299 1053 457 1135 Quartum,
480 1073 588 1116 omnes
609 1052 754 1115 doctores
777 1053 979 1116 ecclesiastici
1001 1055 1144 1114 sentiunt

216 1156 347 1214 meeum,
367 1137 469 1198 nullus
490 1143 594 1197 autem
615 1143 726 1201 tecum.
749 1135 800 1198 Sic
823 1133 852 1219 ¹)
877 1137 957 1196 enim
980 1137 1014 1198 B.
1034 1137 1143 1217 Augu-

217 1222 315 1283 stinus
336 1227 435 1282 totam
462 1219 599 1280 fidelium
626 1221 720 1290 vitam
755 1238 877 1294 crucem
908 1226 939 1279 st
961 1222 1145 1300 martyrium

218 1323 288 1366 esce
318 1305 502 1383 pronunciat
522 1300 622 1381 ***),
661 1301 922 1382 quemadmodum
953 1309 984 1376 et
1005 1301 1088 1364 Hiob
1111 1309 1143 1367 7.

218 1388 355 1448 militiam
378 1407 434 1448 sen
462 1387 663 1448 tentationem
698 1391 789 1446 vocat
819 1387 913 1448 vitam
935 1385 1068 1448 hominis
1091 1407 1145 1446 *su-

217 1491 274 1552 per
295 1478 417 1531 terram.
453 1470 493 1530 Et
513 1470 548 1530 Β.
570 1468 762 1529 Bernardus:
785 1467 873 1532 Stare
895 1470 927 1531 in
948 1470 998 1528 via
1018 1470 1096 1548 Dei,¹
1111 1479 1146 1530 et

218 1573 281 1615 non
302 1553 454 1634 prolicere
481 1559 529 1614 est
558 1551 700 1616 deficere.
743 1551 784 1614 Et
804 1549 891 1615 alibi:
936 1551 996 1612 Ubi
1031 1554 1145 1632 incipis

218 1637 303 1698 nolle
323 1635 391 1698 fieri
412 1635 544 1712 melior,
564 1634 680 1696 desinis
703 1654 772 1696 esse
793 1633 902 1694 bonus.
939 1633 980 1694 Et
1000 1635 1062 1696 hoc
1084 1643 1145 1712 est,

219 1719 303 1800 quod
323 1719 492 1780 inPsalm.:
515 1719 587 1780 Vite
607 1718 680 1778 iusti
701 1724 830 1778 vocatur
854 1718 912 1796 via
935 1720 1054 1798 semita,
1077 1739 1145 1780 non

219 1803 329 1864 domus
350 1808 403 1864 aul
424 1808 537 1875 status,
566 1807 599 1860 ut
626 1801 721 1860 vitam
747 1801 812 1862 ciue
842 1799 996 1879 quendam
1018 1821 1146 1862 cursum

220 1892 251 1946 ct
271 1904 334 1946 non
364 1891 476 1946 statum
505 1902 576 1944 esso
597 1882 717 1946 doceat.
760 1883 844 1945 Sicut
872 1882 1054 1947 doctrino
1078 1905 1147 1946 om-

218 1971 303 2028 nium
326 1968 475 2028 iustorum
498 1967 667 2046 archetypo
690 1966 780 2028 dicit:
802 1963 1146 2048 Exsultavitut‘gigas

219 2051 260 2112 ad
281 2049 463 2112 currendam
486 2051 577 2114 viam.
620 2049 682 2110 aed
714 2050 794 2110 hono
825 2050 905 2110 viam
935 2070 1056 2130 semper
1078 2070 1147 2112 cun-

219 2154 289 2197 rere
309 2139 489 2214 nonpotest
509 2133 614 2211 homo,
636 2133 695 2193 nisi
718 2132 860 2195 dilatetur
883 2152 936 2195 cor
959 2134 1033 2209 eius,
1055 2135 1147 2195 iuxta

219 2218 295 2279 illud
317 2222 372 2292 †]:
417 2217 510 2279 Viam
530 2215 743 2277 mandatorum
766 2223 888 2277 tuorum
911 2219 1042 2295 cucurri,
1072 2236 1145 2279 cum

220 2302 355 2363 dilatanti
377 2319 431 2364 cor
450 2318 562 2371 meum.
582 2298 670 2359 Haec
691 2298 814 2361 catilla
834 2300 996 2361 renovatio
1019 2302 1147 2377 mentis,

221 2404 312 2465 quam
332 2383 493 2463 apostolus
520 2382 632 2443 Paulus
654 2386 715 2457 ἦ)
758 2389 838 2456 (non
860 2386 893 2441 ut
914 2378 965 2463 tu)
994 2383 1147 2443 intermit

219 2467 362 2545 tendam,
385 2466 441 2527 sed
461 2465 501 2525 de
522 2465 574 2525 die
593 2466 624 2523 in
647 2464 746 2539 diem,
776 2464 815 2525 de
838 2464 977 2525 clantate
999 2466 1030 2525 in
1048 2466 1147 2543 ⁵clari-

220 2556 326 2624 tatem,
347 2551 379 2609 in
403 2548 543 2627 candens,
565 2566 645 2626 qnae
665 2549 697 2607 in
709 2547 829 2609 Christo
853 2554 909 2626 est,
931 2547 1061 2609 formam
1072 2568 1149 2628 pro-

221 2632 405 2695 movendam
425 2631 532 2693 docet:
567 2630 622 2691 scd
644 2650 708 2693 non
730 2651 770 2691 ex
791 2630 903 2708 nobis,
934 2632 996 2691 imo
1018 2633 1098 2694 sicut
1128 2652 1149 2691 a

221 2717 331 2796 spiritu
350 2715 475 2777 Domini
504 2721 562 2776 eta
591 2714 664 2793 quun
693 2720 894 2794 pracceptum
924 2721 971 2775 est
1003 2716 1149 2794 impossi-

221 2799 283 2861 bile
304 2805 364 2859 etc.

301 2880 464 2956 Quintum,
490 2881 522 2939 in
544 2880 629 2939 omni
650 2878 734 2941 bono
760 2897 855 2959 opere
876 2880 979 2959 potius
1002 2888 1149 2962 aguntur,

222 2981 313 3045 quam
332 2970 431 3045 agunt
451 2962 506 3023 filii
527 2963 596 3038 Dei,
619 2962 698 3021 sicut
719 2961 807 3025 Rom.
831 2962 859 3025 8.
883 2961 971 3023 dicit:
1002 2963 1061 3039 Qui
1084 2967 1149 3045 spi-

221 3050 281 3110 ritu
301 3048 360 3111 Dei
381 3053 536 3128 aguntur,
571 3046 603 3107 hi
624 3043 679 3105 filii
702 3042 764 3105 Dei
784 3051 864 3107 sunt.
909 3045 950 3106 Et
977 3066 1015 3107 ea
1048 3067 1150 3128 opera

225 3132 398 3209 (emnium,
431 3131 483 3209 qui
503 3129 703 3189 remotiorem
724 3126 914 3207 theologiam
935 3136 1150 3210 gustaverunt,

221 3214 353 3285 iudicio)
378 3213 589 3292 suntoptima,
611 3228 691 3289 quac
714 3210 780 3269 sine
801 3210 890 3273 nobis
913 3212 943 3271 in
967 3212 1055 3275 nobis
1073 3233 1150 3295 ope

222 3303 305 3359 ratur
328 3296 476 3374 Christus,
498 3301 531 3355 et
550 3313 590 3353 ea
610 3294 676 3354 fene
697 3294 848 3373 passima,
871 3313 950 3373 quas
971 3296 1057 3357 iuxta
1079 3297 1150 3359 Ari.

463 3470 649 3478 ——---.

279 3590 310 3659 ⁸)
332 3588 415 3643 Gene.
433 3588 459 3644 3.
499 3586 547 3654 ”)
567 3588 647 3639 aum.
668 3586 709 3641 11.
740 3585 818 3643 Gula.
839 3590 863 3644 3.
903 3588 969 3659 m)
997 3593 1059 3647 Vite
1084 3596 1152 3650 fide.

225 3663 294 3715 lium
314 3677 383 3713 crux
402 3666 452 3714 est.
974 3692 980 3707 ,

266 3736 313 3797 4)
333 3731 425 3787 Psalm
445 3731 488 3787 19.
507 3730 559 3788 119
606 3727 659 3797 ἦ]
681 3728 707 3785 9.
725 3729 793 3785 Cor.
815 3733 837 3787 1.

282 3805 314 3872 1)
333 3804 365 3857 ln
383 3802 447 3858 edit
461 3802 539 3856 lan:
557 3802 637 3856 sicut.
693 3828 697 3843 ·
