2600 4300
174 308 180 319 x
229 316 294 388 Μ
481 322 679 382 Massones
697 325 803 394 sapsa
825 278 903 381 buth-
954 323 967 335 “

230 492 326 569 novit,
344 490 398 551 sed
410 492 581 573 gloriosum
598 514 669 559 cum
690 494 842 577 gentibus,
862 516 905 559 ex
917 495 1089 563 visibilibus
1112 496 1156 557 in-

230 574 362 648 visibilia
382 578 465 654 eius,
492 576 607 657 ubique
628 584 845 659 praesentem,
866 582 972 642 omnia
992 586 1157 659 potentem

233 656 318 719 videt
337 666 371 719 et
391 658 546 739 loquitur)
568 660 661 725 discit
680 680 721 723 ex
741 660 918 740 Aristotele,
941 662 1026 742 quod
1049 660 1156 725 obiso

229 741 484 808 tumvsluntstis
507 745 546 805 sit
567 743 698 823 bouum,
720 753 752 805 et
772 744 887 807 bonnm
910 744 1060 823 amabile,
1094 761 1158 807 ma-

229 823 293 886 lum
315 843 389 887 vero
406 825 531 904 odibile,
552 826 624 889 ideo
647 826 746 890 Qum
769 846 839 889 esse
859 847 1013 895 summum
1035 828 1157 891 bunum

230 916 262 969 et
298 924 418 971 summe
440 909 582 975 amabile.
623 910 666 971 lit
693 910 765 971 inde
794 910 977 976 dissentiens
999 912 1179 991 theologo¹

230 992 329 1051 crocis
354 990 463 1053 defluit
498 992 675 1056 thesaurum
698 993 810 1055 Christi
838 1010 907 1055 esse
939 994 1156 1057 relaxationes

230 1082 263 1135 at
293 1073 463 1137 solutiones
487 1096 680 1157 poenarum,
711 1084 856 1155 uuquam
879 1080 981 1139 rerunt
1001 1078 1156 1157 pessima

229 1178 298 1219 rum
325 1165 357 1219 et
384 1158 663 1224 odibiliasimarum.
707 1159 823 1223 Contra
851 1160 1016 1241 theologus
1044 1161 1159 1234 crucis,

230 1241 406 1303 thesaurum
427 1235 538 1303 Christi
560 1262 630 1307 esse
651 1244 865 1323 impositiones
898 1252 929 1305 et
954 1243 1159 1324 alligationes

230 1342 416 1404 poenarum,
444 1322 588 1405 tanquam
615 1344 717 1405 rerum
740 1328 922 1407 optimarum
945 1325 1158 1389 ‹st-amabilis-

231 1409 386 1469 simsrum.
429 1408 470 1469 Et
500 1416 604 1471 tamen
637 1408 739 1470 adhuc
770 1409 822 1471 ille
849 1411 960 1491 accipit
989 1410 1159 1489 pecuniam

231 1509 286 1570 pro
309 1510 365 1552 suo
389 1491 549 1569 thesauro,
575 1492 657 1553 illius
677 1490 707 1573 ¹)
728 1512 785 1553 nec
807 1494 901 1573 gratis
924 1492 1064 1554 oblatum
1089 1490 1157 1571 dig-

231 1580 342 1633 nantur
363 1573 413 1633 vel
435 1574 563 1651 intuitu,
585 1575 639 1635 sed
660 1582 888 1657 persequuntur
905 1576 1047 1655 denique.

314 1654 376 1718 Sed
398 1659 464 1737 quis
487 1658 544 1719 erit
564 1657 658 1718 iudex
680 1658 798 1737 horum,
821 1663 853 1719 ut
874 1658 1026 1737 sciamus,
1051 1664 1157 1718 utrum

231 1738 412 1801 audiamus?
454 1738 553 1818 Ecce,
575 1742 676 1819 inquit
695 1740 766 1801 Esa.
790 1744 838 1819 66,
860 1740 928 1822 Ego
950 1742 1064 1821 eligam
1088 1740 1157 1801 illu·

231 1826 335 1885 siones
358 1842 473 1885 eorum.
503 1824 544 1885 Et
566 1828 582 1887 1
605 1823 742 1885 Corinth.
767 1827 798 1887 1:
822 1822 944 1884 Infirma
965 1822 1072 1885 mundi
1095 1824 1158 1884 ele-

231 1908 276 1989 git
296 1906 396 1985 Deus,
433 1914 466 1967 ut
495 1906 664 1969 confundat
684 1906 778 1967 fortia
795 1913 853 1967 etc.
885 1906 974 1983 Quod
996 1907 1158 1983 iudicium,

233 1992 258 2050 si
280 1989 359 2051 adeo
382 1990 504 2071 placet,
530 1996 566 2051 nt
588 2009 694 2051 verum
716 1997 776 2068 est,
799 1988 831 2049 id
854 1988 942 2050 nobis
963 1996 1060 2051 restat
1084 2009 1159 2051 oon-

232 2072 395 2153 litendum,
427 2072 452 2133 si
474 2073 616 2134 volumus
638 2092 711 2133 vera
729 2072 823 2152 loqui,
846 2072 928 2153 quod
952 2073 1091 2134 thesauri
1113 2074 1158 2137 in-

232 2157 456 2238 dulgentiarum
484 2164 555 2218 sunt
583 2159 718 2219 omnium
748 2157 883 2218 maxima
910 2155 1038 2236 damna,
1062 2159 1090 2217 si
1114 2159 1158 2218 in·

231 2241 408 2322 telligantur
427 2260 478 2319 eo,
500 2259 562 2320 quo
586 2239 679 2302 modo
694 2239 921 2320 ebuccinantur,
943 2241 1060 2302 scilicet
1086 2261 1157 2301 esse

232 2345 288 2386 eos
315 2324 451 2386 omnium
478 2343 648 2404 poenarum
679 2324 906 2400 remissionem,
940 2343 1003 2385 non
1034 2331 1157 2386 tantum

218 2410 463 2485 canonicarum,
496 2427 565 2468 cum
592 2427 656 2468 non
684 2408 724 2467 sit
744 2407 843 2488 maius
865 2406 1029 2485 damnum,
1059 2425 1156 2486 quem

231 2492 299 2553 tolli
321 2492 487 2572 imaginem
497 2489 616 2552 liliiDei
632 2489 672 2551 ab
684 2489 869 2568 hominibus,
892 2495 923 2550 et
942 2509 998 2552 eos
1018 2492 1157 2572 spoliare

232 2575 381 2636 thesauris
402 2573 693 2654 inaestimabilibus,
716 2571 755 2634 de
777 2573 885 2652 quibus
907 2571 938 2634 8.
959 2571 1087 2654 Hagnas
1109 2575 1155 2634 iu·

232 2656 332 2718 cunda
354 2666 385 2719 et
404 2657 497 2719 beata
513 2658 664 2738 jactantia
685 2655 890 2736 superbiebat,
912 2655 1075 2735 appellens
1098 2676 1155 2718 eos

230 2748 410 2817 vernantes,
431 2747 627 2803 coruscantes
641 2759 780 2822 gemmas
802 2757 840 2800 ac
861 2745 1064 2820 ornamenta,
1088 2759 1153 2800 mo·

232 2822 307 2886 nilla
327 2825 464 2906 pretiosa
485 2831 543 2889 etc.
660 2871 666 2886 .
721 2877 742 2904 .,
852 2827 854 2831 ’

409 2963 411 2966 ’
527 3003 740 3070 conclusio
763 3001 854 3064 mx.

305 3151 488 3214 'Thesauros
523 3149 675 3212 ecclesiae
702 3149 737 3228 B,
760 3147 939 3208 Laurentiue
975 3145 1053 3207 dixit
1084 3165 1151 3208 esse

157 3282 160 3285 ,
230 3230 382 3320 pauperes
399 3233 560 3313 ecclesiae,
581 3233 636 3296 sed
658 3233 778 3296 locutus
793 3239 908 3293 estnsn
929 3229 1150 3333 vocabulilsuo

230 3329 380 3402 tempore.

313 3401 402 3463 Patet
423 3403 497 3463 satis
517 3403 555 3463 iis
577 3398 629 3484 ²),
665 3399 717 3480 qui
747 3395 911 3478 legendam
942 3393 973 3456 S.
994 3393 1149 3456 Laurentii

229 3486 380 3549 viderunt.
423 3484 544 3547 Deinde
572 3504 634 3544 uon
657 3491 704 3542 est
724 3499 807 3542 nunc
829 3497 902 3540 usus
924 3475 1086 3558 vocabuli,
1119 3486 1150 3539 ut

230 3569 393 3632 thesauros
415 3569 565 3630 ecclesiae
592 3573 706 3628 vocent
726 3564 867 3624 homines
894 3579 1064 3644 pauperes,
1098 3561 1149 3622 sed

191 3735 198 3745 ¹
229 3651 447 3728 patrimonium
469 3649 579 3710 Christi
610 3655 642 3710 et
663 3648 693 3710 S.
715 3647 796 3709 Petri
823 3643 1030 3727 appellamus,
1068 3643 1148 3724 quod
1173 3741 1176 3754 .

286 3837 319 3902 1)
340 3839 428 3894 uras
447 3839 554 3896 nous:
574 3841 607 3908 2)
627 3839 717 3896 rene
741 3839 793 3893 ns.
