2600 4300
229 338 299 409 ³88
405 389 415 399 .
461 342 673 400 reconna-t.
693 344 769 398 tati.
787 335 967 415 Augustae.
1006 366 1009 370 ·

236 514 323 599 pipa-
340 523 426 579 uara
446 533 525 579 voce
536 516 660 595 ciamat,
682 534 744 579 uou
761 515 918 598 synodicis
941 516 1083 593 decretis,
1104 516 1153 575 sed
1192 528 1193 531 ’

236 599 419 682 enageiica
441 616 520 661 voce
543 599 642 678 (bene
663 618 765 679 voce,
797 599 852 660 sed
875 618 939 660 uon
961 618 1056 659 sensu
1096 598 1155 659 Ro·

237 700 360 745 menam
378 682 541 744 ecclesiam
574 700 644 743 esse
678 684 788 744 ceteris
810 682 949 744 ecclesiis
978 700 1055 763 prae
1068 686 1154 759 atam,

237 765 330 827 etad
351 764 383 826 id
404 765 530 826 inducat
551 764 634 826 hunc
644 766 791 827 Matthaei
805 763 939 847 apostoli
961 766 1077 842 iocum,
1098 782 1155 825 cre·

238 843 326 910 dieue
347 866 398 910 me
418 848 594 910 relicturum
623 849 837 931 evangelicum
860 868 1005 927 sensum,
1038 854 1071 909 et
1098 864 1155 909 uon

238 931 298 992 uisi
314 931 431 1013 Pelagii
453 950 578 992 sensum
599 931 831 1014 amplexurum,
862 934 1065 1011 quiscerem,
1097 946 1155 991 nou

237 1030 362 1077 numm
385 1015 539 1096 evangeiii
559 1033 628 1076 sese
648 1017 745 1075 iactat
766 1015 875 1095 sequi?

319 1096 390 1159 Nou
412 1097 496 1178 quod
518 1116 632 1159 novam
656 1098 864 1159 monarchiam
879 1098 978 1159 nostri
993 1096 1162 1159 secuiiRo··

239 1198 398 1244 manorum
419 1181 562 1242 damnem
583 1190 637 1242 aut
657 1200 779 1262 negem,
800 1181 855 1241 sed
878 1180 962 1261 quod
985 1181 1049 1241 vim
1071 1181 1158 1260 scrip·

238 1264 444 1326 unsverain
465 1263 530 1325 fleri
551 1264 659 1343 uoiim,
681 1271 712 1325 et
732 1264 1005 1326 insulsissimorum
1030 1280 1156 1344 quorun-

238 1345 310 1408 dam
331 1346 489 1409 hominum
511 1346 670 1408 stuititiam
682 1347 854 1427 reprobem,
877 1348 928 1427 qui
949 1346 1041 1409 uobis
1066 1344 1157 1407 eccie-

238 1431 315 1491 aiem
336 1428 448 1491 Christi
469 1431 603 1513 tempori
624 1439 655 1490 et
676 1430 748 1491 ioco
771 1430 936 1491 affixerunt
964 1436 1076 1491 contra
1096 1446 1157 1490 rer-

238 1512 311 1574 bum
332 1510 445 1575 Christi
469 1512 600 1574 dicentis
622 1513 677 1589 *):
718 1512 789 1575 Nou
818 1514 921 1574 veniet
949 1532 1080 1595 reguum
1104 1510 1156 1573 Dei

237 1594 565 1675 consummatione,
591 1601 624 1656 et
644 1595 848 1657 Christianum
883 1614 953 1657 esse
973 1614 1078 1739 posse
1107 1614 1153 1655 au-

239 1676 314 1738 dent
333 1696 457 1759 negare,
479 1680 530 1759 qui
551 1696 614 1738 nou
637 1677 694 1738 sub
720 1680 861 1741 Romano
885 1680 971 1760 ponti
997 1698 1034 1739 ce
1057 1678 1155 1739 decre-

238 1762 341 1841 u'sque
363 1762 429 1821 eius
452 1773 618 1842 oppressus
638 1762 738 1823 ruerit.

247 1854 253 1863 '
330 1841 380 1906 Ac
406 1845 452 1904 sic
493 1844 562 1925 pius
597 1862 690 1926 quam
725 1846 972 1925 octingentorum
1008 1862 1156 1906 annorum

238 1924 430 1988 Christianos
452 1927 545 1987 totius
569 1925 702 1988 Orientis
714 1934 746 1988 et
757 1928 880 1990 Africae
899 1927 989 1989 nobis
1012 1925 1156 1988 execuis-

239 2009 286 2070 sia
304 2008 417 2071 christi
439 2010 572 2089 eiiciant,
594 2012 646 2089 qui
667 2028 823 2091 nunquam
840 2010 896 2071 sub
918 2011 1063 2072 Romano
1084 2028 1155 2093 pon-

237 2090 322 2155 tiiice
342 2092 472 2173 fuerunt,
495 2112 554 2154 nec
575 2093 768 2175 evangelium
789 2112 923 2174 unquam
937 2094 982 2155 sic
999 2092 1155 2155 intellexe-

237 2184 323 2240 ruut:
344 2195 416 2237 uam
436 2175 538 2237 adhuc
559 2176 590 2240 S.
599 2175 741 2258 Gregorii
754 2185 892 2260 tempore
912 2178 1072 2240 Romanus
1086 2195 1156 2258 pon-

238 2259 317 2321 tifex
333 2259 513 2323 universalis
535 2261 699 2341 episcopus
721 2277 783 2322 nou
808 2260 1009 2339 salutabatur,
1031 2262 1096 2321 imo
1117 2261 1157 2340 ip-

239 2349 338 2404 semet
358 2342 450 2426 Greg.
472 2343 714 2404 licetRomanus
736 2345 900 2425 episcopus
922 2345 1073 2404 acerrime
1091 2361 1156 2424 per·

239 2428 375 2508 sequitur
393 2444 506 2487 nomeu
529 2426 710 2487 uuiversaiis
731 2429 868 2508 episcopi
889 2434 921 2488 et
943 2428 1038 2488 totius
1062 2425 1153 2487 eccle·

238 2509 304 2570 siae
325 2507 501 2590 pontificem
523 2509 592 2590 plus
612 2509 677 2570 iere
699 2527 753 2569 sex
775 2510 934 2590 epistolis,
965 2518 1083 2570 utnon
1107 2508 1155 2568 du-

239 2592 315 2654 uitet
335 2591 518 2654 vocabulum
540 2591 689 2653 eiusmodi
703 2593 862 2673 profanum
885 2592 1054 2672 appellare,
1077 2592 1154 2672 quod

240 2680 346 2736 nostro
359 2677 466 2737 secaio
478 2682 509 2736 et
526 2675 625 2736 soium
643 2675 817 2756 appellatur
837 2675 1074 2738 sanctissimum.
1096 2673 1153 2736 Sic·

239 2759 274 2819 ut
305 2759 386 2819 enim
407 2757 514 2819 Petrus
545 2767 665 2818 ceteros
687 2759 847 2838 apostolos
869 2778 931 2820 non
954 2759 1073 2819 creavit
1096 2759 1154 2832 (sic

240 2842 321 2902 caim
333 2839 426 2903 hodie
436 2847 566 2903 vocatur
579 2841 743 2922 episcopos
755 2840 785 2916 ¹)
805 2840 1030 2921 ordinare)‚ita
1040 2859 1153 2902 succes-

240 2941 294 2984 sor
312 2923 394 2987 Petri
416 2922 533 2984 nulium
561 2941 773 2984 successorem
795 2923 925 2986 aliorum
946 2923 1154 3004 apost-olorum

240 3007 371 3085 creavit,
398 3005 530 3087 denique
558 3025 620 3068 non
650 3007 708 3066 nisi
729 3006 851 3068 fratrem
879 3013 910 3068 et
939 3008 1153 3088 coepiscopum

242 3097 274 3150 et
295 3088 447 3170 collegam
457 3095 649 3150 vocaverunt
669 3089 842 3151 Romanurn
865 3089 1045 3172 pontificem
1069 3091 1154 3150 ceteri

240 3173 396 3254 episcopi,
424 3177 458 3231 ot
485 3171 658 3253 cyprianus
685 3170 880 3251 Cornelium,
913 3179 944 3234 et
970 3172 1153 3254 Augustinus

241 3254 433 3316 Boaifacium
453 3260 485 3315 et
505 3255 593 3316 alios.
844 3284 854 3292 ‘

321 3337 413 3401 Unde
433 3337 464 3399 8.
487 3345 589 3418 patres
609 3337 684 3398 iliud
706 3337 868 3399 Matthaei:
891 3338 960 3399 Tibi
982 3337 1075 3406 (labo.
1098 3355 1153 3397 uon

239 3419 458 3482 intellexeruut
482 3419 523 3480 ad
556 3433 678 3482 sensum
697 3422 776 3483 sacri
797 3421 883 3481 istius
906 3422 1034 3482 canonis
1071 3439 1154 3500 super

241 3510 362 3563 ceteros
382 3503 574 3565 fuissePetro
595 3503 718 3564 dictum.
741 3503 802 3565 Sed
824 3523 912 3581 unus,
933 3505 1083 3586 inquiunt,
1104 3510 1152 3582 pro

203 3587 224 3629 0
242 3583 401 3663 omnibus,
433 3593 466 3645 ut
486 3583 655 3666 aequalitas
676 3603 738 3644 una
760 3587 895 3648 omnium
929 3586 1152 3665 exprimeretur,

179 3731 183 3741 ⁹
295 3755 328 3818 1)
345 3733 377 3808 Iu
394 3758 437 3810 cd.
456 3758 539 3813 Basil.
559 3774 584 3812 ι
606 3759 690 3814 152οε
709 3761 865 3828 episcopus.

296 3820 324 3888 ⁸)
341 3823 406 3893 Luc.
422 3829 466 3882 ii.
