2600 4300
222 316 286 386 496
455 308 471 368 s
505 319 582 375 lut.
602 318 680 376 nuth.
699 321 831 375 Defensio

223 510 332 555 menni.
375 489 456 567 Quid
477 491 575 572 sigo?
595 491 691 554 hehet
710 491 801 553 fldem
824 492 956 570 Petu-ie
994 490 1141 551 oPetrus

220 582 272 638 eet
290 575 433 637 dominus
453 576 599 645 omnium,
620 577 708 636 iuxta
722 578 795 636 novi
817 576 905 635 huius
928 573 958 634 di
992 574 1083 634 setini
1098 593 1141 634 re·

221 657 319 742 gulos.
351 655 415 720 Sed
436 663 468 717 et
488 657 660 738 prophetoe
685 661 718 719 in
739 664 844 719 vetere
865 657 1068 718 Testamento
1085 657 1139 716 *he-

223 743 354 805 buerunt
373 739 467 802 iidem
486 739 580 819 Petri,
600 743 680 803 siout
699 741 812 803 Paulus
834 739 917 802 dieis
942 745 970 803 1.
992 740 1064 802 Cor.
1088 743 1141 804 10:

223 824 356 886 eundem
377 841 482 884 eseam
493 823 765 904 mundunsverunt,
788 843 862 906 ergo
878 823 1002 884 fuerunt
1014 823 1070 883 sub
1091 841 1141 902 po·

125 991 128 996 ,
223 914 335 970 testate
354 908 453 987 Potui,
483 914 538 968 eut
557 907 652 970 hinnio
674 910 821 990 magistro
845 907 993 968 haeretiei
1015 906 1142 968 fuerunt.

305 991 385 1070 inni,
407 991 435 1050 si
455 989 570 1052 hebere
589 990 682 1053 tidem
701 992 783 1054 Petri
804 997 852 1053 est
871 989 927 1052 sub
950 990 1044 1050 Petuo
1067 1007 1142 1068 esse,

225 1093 318 1154 quum
339 1073 430 1134 iidem
452 1073 547 1134 hebet
567 1075 674 1136 Petrus
696 1075 788 1155 ipse?
816 1081 871 1134 out
891 1073 946 1134 sub
971 1085 1034 1154 qno
1055 1072 1142 1133 Petro

103 1146 107 1161 ⁸
225 1159 283 1220 erit
301 1157 394 1238 ipse?
429 1156 479 1218 Itu
498 1157 525 1216 si
546 1157 660 1220 hebere
689 1157 781 1219 fidem
804 1158 965 1220 Rome-noe
993 1155 1144 1216 ecelesiae

225 1247 273 1304 est
292 1241 350 1302 sub
362 1241 505 1301 Romans
525 1243 660 1302 eoelesie
680 1259 759 1319 sese,
783 1241 839 1301 sub
861 1258 921 1320 qus
942 1239 1080 1299 eoelesin
1100 1245 1143 1298 est

224 1323 313 1405 ipse?
336 1343 376 1384 en
398 1323 455 1384 sub
476 1341 511 1383 se
530 1325 610 1404 ipse,
631 1326 705 1404 quis
723 1324 817 1384 hebet
838 1341 923 1383 sunm
947 1321 1066 1382 iidem?

308 1405 410 1468 Credo
436 1413 483 1486 te,
504 1408 621 1486 lentur,
643 1410 706 1468 ism
728 1407 780 1468 diu
802 1414 936 1467 sutorum
959 1423 1034 1466 esse
1055 1403 1144 1464 insui-

225 1491 414 1555 sissimarum
445 1490 575 1551 istorum
603 1492 783 1552 neeninrum
809 1489 911 1569 Ennii,
943 1509 1022 1568 ques
1051 1487 1144 1566 vides,

227 1592 319 1654 quem
340 1573 619 1652 solugrnmmetius
637 1573 892 1654 potuissetlioeio
904 1572 1034 1650 diluere,
1057 1587 1143 1650 quum

226 1656 305 1718 ridet
325 1655 387 1717 diui
399 1656 556 1718 utitemsd
578 1675 696 1721 snorum
720 1657 907 1738 Soripturom
923 1657 1035 1737 magis,
1058 1671 1144 1733 quum

227 1759 285 1802 sue
305 1738 432 1800 sordide
452 1739 678 1819 phantasmata.

309 1821 450 1884 Eundem
470 1824 720 1905 iterumullegst:
738 1823 858 1904 Typum
872 1821 1034 1884 Romanae
1053 1819 1144 1880 eoois-

227 1908 293 1970 siue
316 1907 350 1966 iu
382 1905 524 1967 omnibus
545 1909 711 1987 sequimur.
738 1906 779 1966 Et
801 1925 858 1967 nos
880 1923 970 1982 sene,
1000 1909 1143 1983 quantum
1196 1917 1197 1924 ¹

152 2049 155 2056 .
227 1991 267 2052 od
288 1987 382 2052 fidem
401 1990 520 2054 attinet
547 1991 581 2050 iu
608 1991 677 2050 eliis
698 1989 879 2052 Ambrosius
915 2007 978 2048 uon
1000 1984 1144 2066 sequeba-

228 2084 289 2153 tur,
309 2092 381 2133 nem
402 2071 553 2134 sabbatho
574 2091 637 2135 non
659 2072 818 2134 ieinnnbst
844 2089 913 2131 oum
935 2072 1080 2131 Romana
1100 2087 1143 2128 eo·

230 2158 340 2235 oiseis,
367 2163 400 2216 et
419 2156 513 2217 hebet
538 2156 592 2217 iliu
613 2156 723 2229 eedem
756 2156 889 2217 eoelesiu
909 2152 1145 2225 mediolanensis

229 2260 326 2321 usque
351 2242 384 2299 in
405 2239 487 2300 diem
508 2240 812 2301 hodiernummiium
839 2246 946 2319 typum
977 2238 1010 2297 iu
1032 2234 1144 2313 ritibus,

103 2378 104 2400 2
230 2343 321 2405 quem
343 2322 476 2383 enclesis
491 2324 641 2388 Romane.
673 2322 756 2383 Nihil
791 2340 865 2403 ergo
902 2327 950 2381 esi
969 2322 1072 2381 fumus
1092 2320 1145 2377 iste

229 2408 383 2469 Eeoieuse
410 2406 619 2487 loquacitatis:
653 2405 814 2485 Sequimur
847 2413 952 2485 typum
986 2404 1145 2463 Romanus

231 2490 398 2569 molesios,
433 2510 508 2571 ergo
530 2490 672 2553 Romans
702 2489 835 2549 enclesis
861 2494 1021 2569 estsuper
1043 2503 1144 2545 omnes

231 2574 389 2636 eeclesiae
407 2572 553 2652 ·Suffinit‚
582 2572 665 2653 quod
686 2570 781 2633 Eooio
803 2570 1072 2651 improbentur,
1100 2568 1145 2646 qui

231 2676 291 2721 neo
318 2658 428 2737 dignus
459 2665 508 2718 set
545 2656 722 2718 melioribus
754 2654 826 2715 duni
862 2654 1048 2733 ustionibus,
1080 2652 1146 2730 quin

231 2748 344 2822 sponte
365 2759 500 2801 errorem
521 2742 666 2822 sequitur.

197 2827 200 2840 ’
313 2824 406 2885 Nono
426 2826 536 2885 iterum
559 2824 758 2905 Augustinus:
787 2821 822 2881 In
843 2821 985 2880 Romuuu
1020 2818 1146 2879 enclesis

233 2926 355 2987 semper
397 2906 589 2987 apostolieae
627 2902 791 2967 eethedrue
824 2904 920 2984 viguit
953 2903 1145 2983 prineiputus.

233 2990 362 3070 Menhu,
383 2991 469 3051 Ennii
497 2991 685 3072 Augustinus
719 2988 884 3049 eoolesium
904 2984 1079 3046 Romanum
1100 2984 1146 3043 hu

233 3074 307 3135 bere
326 3072 401 3133 dioit
420 3074 623 3155 prinoipemm
639 3070 830 3155 apostoliens
852 3068 1026 3146 cathedrae,
1050 3068 1100 3147 qui
1120 3072 1147 3125 et

234 3158 317 3236 alibi,
339 3162 374 3217 ut
394 3157 444 3219 lib.
466 3160 495 3221 2.
512 3177 581 3238 nep.
603 3158 632 3220 8.
662 3154 820 3216 doetrinae
833 3150 1033 3213 ‘Christianus
1057 3149 1146 3210 eoele-

233 3242 295 3301 siss
316 3241 504 3321 apostolicos
526 3240 635 3301 esteris
658 3236 738 3299 solet
758 3236 920 3316 praeferre.
942 3234 1056 3296 Ennius
1078 3250 1146 3293 vero

234 3324 274 3385 de
302 3343 359 3385 suo
387 3325 505 3385 addens
536 3323 742 3404 principatum
774 3318 965 3400 apostolieae
985 3316 1147 3393 oethedrue

233 3408 378 3487 intelligit
400 3409 602 3488 principatum
623 3403 805 3466 universalis
834 3402 1002 3479 eoolesiee,
1025 3419 1083 3481 per
1102 3416 1147 3458 ns-

234 3488 373 3551 thedrum
402 3491 585 3568 eustesium,
614 3508 671 3569 peu
704 3485 912 3565 apostolieum·
946 3484 1148 3545 oethoiiosm:

235 3574 389 3652 essipiens
436 3574 577 3632 nimirum
622 3569 774 3633 bonefisio
818 3568 1037 3647 gmmmntione
1083 3580 1150 3626 non·

235 3658 298 3713 tem
321 3662 380 3715 tue.

299 3674 393 3797 pPost
411 3736 490 3796 haee
511 3736 599 3815 dicit,
628 3755 668 3796 se
684 3734 826 3796 omittere
846 3728 994 3811 Decreta,
1017 3735 1054 3790 et
1073 3728 1149 3791 bene

236 3814 319 3901 funii,
340 3818 411 3895 quie
431 3824 502 3878 sunt
523 3820 676 3879 sontrnuis
696 3816 754 3881 sibi
774 3816 866 3897 ipsis:
901 3813 979 3876 Nem
1003 3828 1053 3893 ee,
1074 3814 1149 3891 quoe
