2600 4300
253 284 296 352 64
360 287 377 323 ¹
506 239 979 358 heremuntinchouun

253 454 392 516 Tandem
414 475 639 518 commemoras
668 457 813 520 iustitiam
841 457 976 518 divinem
1007 477 1069 520 nou
1103 479 1159 538 per·

254 540 375 598 mittere
397 540 540 600 evacuari
561 541 787 620 purgatorium,
809 547 848 622 ‘et
868 540 928 601 hoc
949 541 1063 620 probas
1086 549 1160 602 auto-

251 622 342 682 ritate
363 630 540 683 sanctorum
569 622 762 703 (Thomas),
797 643 838 684 ex
870 625 938 703 ipsc
974 624 1056 684 enim
1078 628 1159 684 ceteri

254 703 394 785 theologi
422 711 454 766 ct
481 706 661 766 consumtae
689 713 845 767 suxerunt
893 705 948 767 His
975 708 1079 785 itaque
1104 727 1160 787 per-

256 777 391 866 censitis,
414 806 483 848 cum
506 790 645 867 quaestio
667 789 728 850 ista
747 789 827 850 laice
847 787 948 850 adhuc
970 796 1074 868 staret,
1095 791 1161 850 scili·

254 877 314 949 cet3
337 869 421 950 quod
444 872 555 932 caritas
577 879 609 932 ct
630 873 800 932 necessitas
822 879 927 933 essent
947 891 1060 932 causae
1075 873 1160 934 iustis·

253 954 349 1014 simae
370 953 540 1014 evacuandi
562 956 741 1036 purgatorii,
763 963 794 1016 et
810 955 860 1016 hic
871 962 954 1016 totus
966 955 1069 1016 nodus
1081 963 1161 1035 esset,

252 1036 336 1098 hunc
357 1037 402 1098 sic
423 1037 544 1098 solvisti
564 1038 683 1098 fortiter
704 1037 825 1098 dicens:
848 1039 966 1100 Caritas
983 1046 1162 1118 autempon-

253 1117 344 1180 tiflcis
367 1129 399 1180 et
418 1122 588 1181 necessitas
608 1122 778 1182 animarum
807 1141 871 1182 non
892 1129 940 1182 est
962 1120 1075 1182 efficax
1094 1124 1162 1182 ratic

254 1203 299 1262 sic
326 1202 488 1263 relaxandi
517 1204 663 1264 iustitiam
693 1203 843 1282 divinam,
873 1223 963 1284 quam
985 1199 1072 1264 Deus
1103 1205 1163 1264 telis

253 1287 447 1349 necessitatis
470 1287 612 1347 conscius
634 1293 666 1346 et
686 1285 825 1348 infinitae
853 1289 987 1348 caritatis
1019 1307 1059 1348 ac
1085 1288 1161 1347 mise-

253 1368 405 1430 ricordiae
426 1368 594 1431 visceribus
615 1370 725 1450 plenus
748 1370 859 1431 sanxit.

335 1451 422 1512 Haec
443 1459 496 1512 tua
516 1453 630 1513 solutio
654 1455 738 1513 omni
759 1453 859 1533 glacie
886 1453 1041 1534 frigidior,
1071 1459 1101 1514 ct
1122 1453 1165 1528 (ut

254 1536 313 1595 tuis
336 1534 505 1614 disciplinis
527 1538 614 1612 utar)
637 1537 745 1616 petitio
768 1537 908 1616 principii
930 1543 1051 1596 tantum
1065 1533 1164 1612 effecit

254 1625 303 1698 ut,
325 1620 351 1678 si
373 1620 441 1697 quis
462 1618 537 1680 velit
558 1619 612 1678 tibi
633 1617 774 1696 credere,
797 1620 837 1678 sit
857 1621 994 1698 quietus,
1024 1619 1079 1697 qui
1099 1618 1165 1678 nolit

254 1708 358 1762 autem
379 1700 514 1780 credere,
535 1699 612 1760 nihii
632 1701 762 1762 audierit
778 1702 839 1760 nisi
856 1721 954 1762 vacua
967 1701 1073 1762 verba.
1095 1700 1164 1774 Quid

257 1785 340 1845 enim
369 1785 436 1844 istis
463 1784 565 1845 verbis
594 1783 781 1864 respondisti
814 1785 872 1844 nisi
900 1786 972 1864 quia
1001 1784 1087 1845 Deus
1112 1802 1165 1843 non

253 1867 328 1946 vult,
352 1868 511 1928 caritatem
534 1873 566 1927 et
585 1869 804 1928 necessitatem
818 1887 887 1928 esse
900 1885 1009 1936 causas
1024 1865 1165 1926 sufficien-

159 1979 169 1992 ·
253 1950 321 2010 tes?
362 1949 743 2032 EtncnprcbasDeum
769 1949 801 2010 id
829 1951 1004 2013 nouvelle.
1049 1947 1126 2024 Quia
1144 1951 1164 2008 si

254 2034 336 2094 Deus
360 2035 523 2113 pecuniam
544 2040 597 2093 aut
618 2033 778 2112 quodlibet
800 2033 970 2113 temporale
995 2033 1074 2110 (nisi
1094 2032 1163 2092 forte

253 2135 318 2178 non
340 2118 380 2179 sit
400 2117 543 2178 conscius
565 2117 658 2179 etiam
681 2117 845 2197 temporis)
871 2115 1031 2179 efficacem
1056 2122 1165 2197 reputet

255 2219 398 2279 causam,
425 2218 479 2261 cur
500 2219 563 2261 non
586 2202 678 2261 ctiam
699 2201 859 2261 caritatem
882 2201 1000 2281 ipsam,
1029 2201 1062 2259 ie
1084 2218 1164 2279 quarn

255 2285 360 2345 omnia
379 2283 433 2344 illa
455 2282 589 2344 ordinari
610 2283 717 2345 voluit.

340 2367 430 2427 Nunc
450 2369 476 2427 si
498 2386 557 2447 ego
579 2385 774 2446 quaererem,
797 2384 851 2427 cur
871 2386 946 2447 crgo
966 2366 1101 2447 pecunia
1121 2373 1165 2425 aut

254 2450 431 2530 temporalis
464 2469 512 2511 res
545 2458 592 2511 est
622 2469 717 2511 causa
745 2448 872 2529 efficax,
904 2448 1012 2511 eadem
1034 2450 1164 2529 principii

254 2536 402 2615 petitione
424 2533 522 2594 dices:
557 2533 641 2593 Deus
670 2534 712 2593 ite
740 2532 845 2597 voluit.
889 2531 920 2593 Si
950 2532 988 2593 de
1015 2532 1164 2593 voluntate

256 2636 330 2698 ergo
354 2617 410 2677 Dei
433 2616 648 2697 disputandum
672 2622 733 2695 est,
762 2618 875 2677 scimus
904 2617 987 2695 quod
1015 2616 1100 2675 nulia
1123 2633 1163 2674 res

255 2700 359 2761 mundi
380 2702 426 2761 sic
445 2701 563 2781 placet,
593 2707 626 2759 ut
646 2701 773 2780 caritas,
802 2706 832 2759 et
860 2698 941 2779 quod
971 2699 1091 2759 ceritati
1110 2716 1163 2758 non

154 2848 170 2875 Ι
254 2779 364 2864 donet,
396 2803 459 2845 non
492 2784 695 2864 praesumitur
724 2781 776 2842 ulli
798 2782 884 2843 elteri
911 2800 1025 2843 causae
1047 2781 1163 2855 donare,

200 2870 204 2889 ¹
241 2863 279 2928 ¹si
301 2875 403 2929 eutem
426 2868 512 2928 elteri
534 2866 642 2937 donet,
675 2866 770 2927 multo
801 2866 934 2925 maxime
963 2866 1091 2926 ceritati.
1130 2863 1164 2923 Et

254 2952 299 3012 sie
319 2958 419 3031 patet,
448 2950 531 3031 quod
553 2952 647 3017 etiam
668 2956 699 3010 tu
722 2966 843 3009 mecum
864 2948 1038 3009 succumbis
1061 2950 1091 3007 in
1113 2948 1164 3005 ista

253 3035 444 3115 quaestione.
495 3032 633 3095 Obsecro
667 3040 712 3109 te,
746 3032 836 3091 crede
864 3032 951 3110 mihi,
981 3038 1053 3091 sunt
1079 3038 1109 3091 et
1137 3031 1161 3089 in

251 3117 339 3179 laicis
361 3116 488 3195 iudicia,
518 3124 550 3177 et
570 3124 673 3195 tanta,
700 3120 733 3175 ut
756 3133 815 3194 ego
838 3134 887 3175 me
909 3114 1058 3177 confitear
1078 3114 1163 3175 ferme

252 3209 299 3263 ter
319 3202 350 3261 in
372 3201 438 3261 istie
460 3200 690 3279 quaestionibus
718 3197 932 3276 succubuisse,
966 3212 996 3259 et
1026 3196 1099 3257 nihil
1125 3214 1162 3255 re·

252 3285 359 3347 tulisse
379 3283 514 3364 gloriae,
548 3302 639 3363 quam
673 3281 755 3361 quod
783 3281 840 3341 sibi
868 3282 961 3343 verba
989 3300 1079 3341 ame
1100 3279 1163 3339 date

253 3370 399 3445 dicerent,
421 3368 500 3427 sicut
520 3373 551 3427 et
573 3374 604 3427 tu
626 3366 677 3434 hic
698 3365 773 3426 facis
798 3365 879 3427 mihi.

335 3450 496 3513 Secundae
517 3450 629 3511 solutio
652 3448 747 3509 multo
770 3448 908 3529 frigidior
928 3456 959 3520 et
979 3450 1086 3510 vanior
1113 3452 1161 3519 ost,

252 3533 328 3592 nulli
349 3535 406 3594 nisi
429 3533 481 3593 tibi
505 3532 563 3593 soli
586 3532 786 3593 satisfaciens.
813 3534 922 3604 Prima,
944 3534 1162 3617 inquis„causa

255 3620 318 3689 eet,
350 3615 434 3692 quod
455 3615 503 3674 vel
524 3614 684 3695 porrigens
705 3614 784 3675 forte
805 3634 867 3677 non
880 3615 1057 3685 ‚secundum
1078 3612 1161 3673 iacul-

255 3700 350 3753 tetem
373 3697 527 3775 propriam
548 3696 702 3775 porrexit,
718 3698 781 3766 vvel
809 3700 898 3761 nimis
919 3716 1014 3781 parce
1034 3696 1161 3780 porrigit.

255 3772 344 3834 Tolle
364 3776 423 3835 iste
444 3776 622 3857 accidentia,
645 3784 675 3838 et
696 3796 795 3864 pone,
818 3782 901 3861 quod
924 3782 962 3845 de
983 3782 1105 3864 proprie
1125 3778 1162 3839 ss-
