2600 4300
682 164 693 199 ⁰
1015 166 1027 211 t

235 305 298 378 384
397 365 400 371 ,
420 306 545 369 ΔΜΒ.
566 308 676 368 ltottm
693 308 805 366 botheri
825 309 971 379 Anaunion

237 476 466 567 intelligentias.
517 478 587 542 uec
616 485 720 541 tamen
758 479 839 543 liene
872 478 1065 541 violentiam¹
1092 481 1154 541 eius

237 576 341 640 aegre,
354 560 425 637 tuli,
454 562 555 626 eciem
583 581 653 625 eom
675 562 852 625 facultatem
874 562 1098 645 interpretandi
1119 582 1155 623 ex

238 642 335 724 longa
359 662 507 707 romaniae
538 646 643 708 eutice
676 645 898 707 consuetudine
935 654 967 707 et
999 644 1155 706 scholasti·

239 744 345 792 corum
367 726 578 794 distinctorum
600 747 658 789 usu
687 728 745 791 sibi
773 736 1012 809 praesumptam.
1055 728 1156 789 Credi·

238 816 304 873 tum
327 816 376 871 est
395 810 477 874 enim
504 810 635 888 iamdiu,
668 811 750 890 quod
781 811 926 891 quidquid
947 812 1093 873 Rcmrum
1113 830 1157 871 ec

225 892 337 971 ¹cleric
356 891 484 972 dixerit,
505 893 672 972 damnarit,
695 894 843 971 voluerit,
866 895 897 955 id
920 914 995 957 mox
1017 894 1157 956 omnibus

240 974 414 1055 wadum,
436 975 662 1057 damnandum,
685 976 850 1039 volendum
874 996 964 1055 esse,
986 997 1047 1039 nce
1069 978 1158 1039 aliam

238 1058 497 1127 teddireticnem
520 1067 675 1139 oportere,
698 1062 886 1141 quamquia
907 1062 952 1121 sic
972 1060 1066 1122 sedes
1089 1080 1158 1141 epo-

238 1142 352 1206 stolice
369 1148 404 1204 et
422 1142 564 1207 Romam
578 1143 712 1205 ecclesia
732 1144 834 1207 sentit
877 1144 957 1205 Hinc
977 1145 1096 1205 relictis
1118 1163 1160 1203 se

239 1226 300 1289 eris
328 1224 424 1286 literis
461 1232 494 1287 et
513 1229 649 1307 acceptia
682 1226 894 1289 traditionibus
922 1227 1090 1307 verbisque
1109 1228 1160 1289 bo

239 1310 355 1371 minum
376 1308 490 1372 tectum
512 1317 569 1385 est,
591 1316 625 1371 ut
645 1310 778 1371 eeclesia
799 1310 910 1371 Christi
932 1331 995 1373 non
1018 1330 1162 1371 mensura

238 1392 332 1454 tritici
352 1397 503 1471 pascatur,
525 1412 584 1454 nec
605 1393 700 1455 verbe
718 1393 840 1472 Christi,
863 1394 918 1455 sed
936 1413 1005 1455 non
1027 1412 1099 1455 raro
1121 1400 1160 1453 te

242 1475 384 1540 meritote
411 1482 444 1536 et
472 1475 631 1540 voluntate
650 1476 778 1539 adonius
799 1476 1004 1539 indoctissimi
1024 1477 1162 1537 adulato-

239 1558 282 1621 rie
301 1565 434 1639 regatur,
457 1565 491 1619 et
502 1579 541 1623 ec
552 1560 716 1639 profecerit
731 1566 856 1621 cosmae
876 1560 1066 1621 infelicitatis
1081 1577 1162 1639 meg·

240 1640 365 1720 nitudo,
398 1648 432 1703 ut
463 1642 502 1703 sd
524 1644 753 1705 revocationem
777 1650 810 1703 et
828 1643 1071 1725 abnegationem
1094 1641 1162 1703 fidei

242 1724 434 1870 Oplpstiacee
454 1732 486 1788 et
496 1727 721 1800 saeuissimae
735 1726 909 1807 scripturae
921 1727 1074 1807 incipiant
1085 1744 1162 1787 com-

305 1824 366 1869 ere.

240 1828 262 1889 p
323 1890 430 1970 Porro,
451 1891 478 1951 si
493 1891 553 1952 isto
573 1897 623 1953 est
643 1891 751 1953 modus
772 1891 950 1969 reuocandi,
972 1892 1050 1953 nihil
1072 1890 1162 1953 video

241 1975 394 2051 tomum,
416 1993 507 2053 wem
530 1974 820 2064 uspraocedentem
842 1976 1094 2055 revocationem,
1120 1993 1163 2034 se-

242 2064 355 2139 quente
377 2057 460 2130 elia,
478 2058 546 2117 sine
567 2056 629 2118 fine
649 2077 802 2122 revocem.
844 2058 923 2119 Nam
945 2060 972 2119 si
996 2078 1059 2139 quo
1079 2056 1163 2119 indu-
1200 2080 1201 2087 ¹

241 2142 316 2206 etrie
343 2161 433 2210 suom
458 2141 555 2221 ipsius
583 2138 698 2204 dictum
724 2142 758 2204 in
786 2162 856 2204 eum
876 2143 976 2222 ipsum
999 2149 1164 2219 retorsero,

241 2227 304 2290 ato
326 2224 409 2291 eliud
432 2224 533 2286 oordie
554 2227 601 2286 sui
614 2225 730 2287 idolum
742 2225 815 2286 mihi
837 2225 967 2306 fingeret
992 2226 1060 2307 (est
1085 2226 1163 2286 euim

243 2310 323 2373 mire
347 2306 480 2369 teeunda
511 2307 755 2371 distinctionibus
776 2308 965 2370 Themistica
995 2307 1162 2388 theologia,
1200 2339 1201 2372 1

242 2411 288 2458 cc.
307 2411 381 2452 vere
401 2391 528 2452 Proteus
556 2391 715 2472 quidem),
737 2392 785 2452 cui
808 2410 936 2452 necesse
958 2397 1043 2454 esset
1064 2389 1163 2452 denuo
1200 2429 1201 2466 3

240 2474 417 2538 revocando
457 2474 592 2538 obedire.
634 2475 711 2542 Cum
748 2475 829 2536 enim
861 2493 925 2536 non
955 2475 987 2534 in
1010 2473 1164 2536 soliditate
1200 2515 1201 2544 2

243 2565 368 2640 petrae,
391 2557 446 2618 sed
467 2558 498 2620 in
519 2578 616 2620 arena
635 2559 856 2639 cogitationum
883 2577 1004 2621 suarum
1027 2563 1162 2638 vagetur,

243 2641 321 2704 nibil
352 2641 435 2719 aliud
464 2661 558 2721 quam
584 2649 765 2724 perpetuum
804 2641 970 2706 reuocandi
1008 2640 1163 2722 negotium

246 2723 320 2787 mibi
336 2724 536 2787 incumberet.

326 2809 421 2890 lgitur
451 2813 580 2888 accepto
608 2806 753 2870 mendeto
783 2827 846 2887 nen
868 2805 1033 2884 redeundi,
1069 2805 1162 2865 mensi

245 2898 347 2955 temon
368 2890 480 2954 eodem
501 2891 551 2950 die
572 2893 603 2952 in
625 2891 707 2969 loco,
728 2897 791 2952 tum
807 2897 917 2952 vocato
941 2887 1113 2952 reverendo
1135 2894 1162 2948 et

245 2976 362 3122 333
375 2975 562 3119 333
581 3056 1152 3134 33

246 3150 378 3205 meacm.
417 3104 517 3203 idacii
538 3148 570 3202 et
590 3121 740 3220 sequente
759 3139 827 3220 die,
851 3145 883 3202 et
903 3139 979 3202 nihil
1000 3137 1161 3200 mandeba

245 3226 341 3288 batur.
363 3224 538 3302 Tertiadie,
561 3224 678 3301 scilicet
689 3223 859 3300 Domuum,
882 3224 990 3300 mansi,
1017 3229 1049 3282 et
1063 3221 1162 3282 literas

245 3309 327 3387 dedi,
349 3327 408 3369 nec
429 3306 542 3386 aliquid
556 3304 815 3387 respondebatur.
846 3305 961 3381 Quarta
983 3304 1161 3381 dicmensi,

241 3398 278 3452 ot
296 3391 374 3451 nibil
393 3389 495 3452 fiebat
530 3389 617 3450 Idem
635 3389 802 3452 edentium
829 3391 935 3469 quinte
968 3387 1019 3449 die
1046 3405 1162 3468 passus,

142 3489 144 3494 ·
176 3523 180 3529 .
246 3473 369 3532 tandem
392 3471 621 3532 consulentibus
644 3473 760 3551 amicis,
781 3473 960 3554 praesertim
983 3491 1053 3532 cum
1077 3475 1162 3530 antea

243 3554 391 3614 'iecte'sset
411 3568 482 3614 ¹sese
501 3553 616 3615 habere
638 3554 825 3632 mandatum,
848 3561 881 3616 ut
902 3561 933 3615 et
953 3573 1003 3615 me
1026 3560 1058 3615 et
1078 3553 1162 3614 Vice-

246 3628 328 3711 rium
349 3637 568 3719 incarceraret,
601 3637 751 3718 disposite
778 3637 988 3718 appellatione
1005 3633 1162 3717 affigenda

204 3804 206 3807 Ι
244 3717 439 3856 ffifflt
458 3701 661 3798 periculosam
685 3719 892 3848 obedieuticm
913 3739 963 3786 me
973 3720 1161 3801 praestitisse
