2600 4300
231 278 298 348 218
481 284 677 339 menum
694 285 802 353 Dispnt.
822 284 899 339 tntu.

233 451 354 515 scilicet
373 451 538 513 ccdssiarn
556 472 614 533 pro
635 472 675 515 eo
697 454 887 533 satisfacere,
909 454 959 513 ersi
979 450 1147 528 remittitur,

234 533 390 613 quomodo
421 535 456 595 B.
477 535 667 616 Augustinus
697 538 788 614 dicit,
820 538 975 597 neminem
1002 534 1148 609 eureus,

232 615 292 677 uisi
313 636 404 697 quem
416 620 543 679 suscitat
559 620 660 679 unitas
681 620 841 699 ecclesiae,
863 627 897 681 nt
917 620 947 679 in
965 618 1060 678 vidus
1080 614 1149 696 figu-

232 707 330 760 ratum
343 699 425 760 dicit.
447 700 509 760 Sed
519 701 622 761 adbuc
630 701 720 763 durat
740 704 820 765 ratio
831 704 931 783 prima
952 707 985 761 et
1007 698 1149 775 amende,

233 782 315 861 quod
335 784 376 842 sit
397 792 469 842 tnnc
489 785 591 863 potins
604 786 782 867 satisfactio,
805 804 896 864 qnam
913 783 1067 857 remissio,
1090 782 1151 840 sive

232 863 404 925 declaretur
426 867 491 925 sive
511 866 721 930 concedatur:
1148 914 1153 923 ·

316 946 446 1025 Quarta,
475 949 636 1011 thesaurus
664 950 716 1011 illc
738 950 889 1011 ecclesiae
909 947 1072 1012 militantis
1094 964 1151 1004 ma·

231 1032 279 1110 gis
301 1038 445 1110 operatur
474 1034 604 1112 gratiam
635 1034 774 1112 spiritus,
813 1050 903 1111 quam
935 1030 1150 1093 remissionem

231 1132 417 1193 poenarum,
454 1123 486 1176 et
512 1114 631 1175 videtur
658 1117 732 1176 satis
754 1115 853 1175 viliter
874 1114 1015 1191 tractari,
1050 1112 1078 1171 si
1098 1130 1151 1190 pro

231 1214 401 1275 poenarum
422 1198 604 1260 remissione
624 1198 805 1277 applicetur,
827 1216 896 1257 cum
916 1192 1061 1261 remissio
1083 1211 1152 1273 poe

231 1297 338 1337 narum
362 1280 401 1339 sit
423 1278 602 1340 vilissimum
623 1280 739 1340 donum
760 1282 791 1339 in
813 1280 962 1355 ecclesia,
985 1279 1081 1339 etiam
1102 1277 1152 1335 im-

232 1362 292 1443 piis
313 1360 468 1438 donabile,
490 1371 522 1423 et
542 1364 611 1426 sola
632 1363 727 1423 oleris
749 1368 914 1442 potestate,
936 1368 969 1421 nt
990 1359 1123 1421 videtur.

533 1490 611 1551 Dico
635 1490 771 1550 secundo
797 1488 838 1573 ¹):

313 1606 383 1667 Non
406 1608 566 1688 intelligo,
588 1606 745 1687 quomodo
763 1613 817 1668 aut
837 1604 1007 1686 quidrfiet,
1029 1602 1150 1683 quando

231 1708 314 1769 papa
334 1689 465 1751 eundem
488 1690 661 1751 thesaurum
686 1690 822 1770 applicet
853 1708 909 1769 pro
931 1686 1081 1769 suffragio
1105 1686 1152 1747 de·

232 1770 414 1833 iunctorum.
436 1772 537 1833 Causa
559 1779 606 1833 est
626 1772 718 1833 baec:

313 1854 432 1931 Prima,
462 1856 533 1935 quis
562 1856 669 1917 iterum
703 1874 766 1915 non
791 1854 861 1934 plus
891 1852 1011 1913 videtur
1039 1851 1149 1926 iecere,

232 1955 324 2017 quam
345 1936 428 2017 qnod
450 1936 490 2000 de
510 1937 592 1999 facto
615 1936 671 2002 fit,
695 1937 775 1997 Nam
793 1939 936 1999 universa
957 1933 1094 1995 ccclesia
1114 1932 1150 1993 de

231 2019 313 2081 facto
335 2026 403 2080 orat
430 2027 462 2084 et
480 2019 663 2100 suffragatur
683 2039 739 2099 pro
762 2018 929 2095 defunctis,
960 2018 1020 2077 nisi
1043 2018 1147 2077 iterum

231 2102 282 2164 bic
301 2109 423 2184 putetur
448 2102 480 2164 id
501 2103 602 2164 iecere
625 2102 832 2171 declarativa.
866 2101 933 2164 Nec
954 2099 1060 2176 video,
1082 2096 1149 2178 quid

231 2185 305 2253 illud
322 2185 432 2263 obstet,
454 2185 538 2266 quod
555 2185 664 2248 dicitur
685 2185 724 2246 de
746 2187 849 2263 missa,
871 2203 950 2264 quas
971 2183 1041 2263 plus
1063 2180 1149 2262 prod·

232 2276 289 2345 cst,
311 2269 337 2329 si
360 2288 415 2348 per
434 2268 626 2331 sacerdotem
647 2269 697 2329 uni
721 2268 900 2348 applicetur,
922 2285 1013 2346 qnam
1037 2266 1064 2324 si
1086 2265 1147 2324 sine

231 2351 439 2432 applicatione
459 2371 515 2431 pro
540 2350 681 2413 omnibns
703 2349 883 2414 celebretur.
915 2350 1027 2410 Fateor
1049 2346 1081 2408 id
1102 2365 1149 2406 vc·

231 2454 298 2496 rum
320 2453 339 2494 a
361 2453 412 2494 me
431 2433 535 2511 credi,
557 2433 613 2494 sed
633 2453 734 2514 papa,
761 2440 795 2493 ut
815 2451 951 2494 summus
973 2438 1005 2492 et
1026 2447 1148 2510 genera

233 2517 269 2576 lis
291 2517 428 2579 omnium
451 2516 606 2594 sacerdos,
629 2522 713 2576 certe
735 2535 797 2577 non
820 2521 923 2596 potest
943 2514 1003 2573 nisi
1025 2530 1149 2593 genens·

232 2599 302 2660 liter
322 2599 495 2679 applicare,
527 2601 590 2660 imo
612 2598 705 2660 debet
726 2599 756 2658 id
778 2599 891 2675 facere,
914 2598 1005 2658 etism
1028 2596 1096 2658 sinc
1118 2594 1147 2652 li-

235 2683 308 2742 teris
331 2683 499 2744 veniarum.

315 2765 476 2842 Secunda,
500 2784 571 2824 cum
597 2782 653 2844 per
674 2762 880 2844 indulgentias
913 2780 975 2822 non
998 2761 1147 2820 remitten-

233 2855 281 2909 tur
303 2849 361 2909 uisi
382 2867 505 2928 poenae
527 2848 713 2924 canonicae,
730 2865 854 2926 prorsus
877 2862 940 2904 non
960 2861 1087 2923 possum
1108 2842 1146 2902 in·

233 2929 387 3010 tailgere,
425 2929 497 3008 qnid
518 2929 678 2990 animabus
701 2930 888 3003 remittatur,
925 2945 993 2986 cum
1017 2942 1147 2984 cenonas

172 3004 185 3024 ’
234 3031 287 3074 cas
309 3031 372 3074 uon
395 3012 500 3092 ligent.
541 3013 682 3091 Denique
696 3013 726 3072 in
746 3017 846 3072 morte
868 3015 938 3072 sunt
959 3007 998 3068 ab
1020 3007 1081 3066 illis
1101 3005 1145 3066 ab·

234 3095 363 3172 solutae,
386 3113 454 3156 cum
476 3097 576 3156 omnis
597 3093 743 3155 sacerdos
765 3095 804 3156 sit
823 3111 905 3173 papa
926 3093 957 3152 in
976 3087 1055 3152 bore
1077 3107 1147 3148 mor·

234 3181 282 3241 tis.
325 3178 403 3240 Item
424 3177 507 3255 quod
529 3177 613 3238 nulla
639 3178 743 3238 anima
775 3179 888 3256 patitur
915 3175 945 3234 in
973 3171 1144 3253 purgetcrio

233 3281 289 3342 pro
317 3258 492 3322 criminibus
520 3267 552 3320 et
572 3259 750 3320 mortalibus
772 3258 924 3338 peccetis,
959 3254 1013 3316 ced
1035 3261 1144 3314 tentum

233 3365 290 3426 pro
313 3339 501 3421 renialibus,
535 3350 569 3405 ut
589 3341 657 3404 dist.
680 3342 776 3404 XXV.
797 3361 825 3403 c.
849 3338 964 3414 Qualis.
1008 3337 1143 3398 Oenones
1188 3341 1189 3346 ’

234 3435 337 3492 artem
358 3425 539 3503 venialibus,
559 3427 624 3505 imo
645 3424 825 3491 mortalibus
848 3421 976 3484 occultis
998 3439 1060 3482 non
1083 3424 1145 3480 sunt

234 3511 387 3588 impositi,
416 3508 470 3570 sed
493 3507 808 3583 tantum'criminibus
831 3505 981 3586 cognitis,
998 3508 1044 3579 ,ut
1062 3518 1145 3581 supra

241 3653 444 3670 *—

293 3740 323 3802 1)
343 3740 427 3794 lbid.:
447 3720 576 3794 secunda.
