2600 4300
251 350 310 420 116
441 355 598 425 Disputatio
618 352 714 408 tahan.
732 350 837 408 hannis
858 350 959 409 Viterb.

247 526 404 622 suscipere
437 525 538 605 potuit
569 544 588 585 a
616 524 836 621 Constantino,
872 528 903 582 et
930 522 1041 585 beatus
1070 522 1168 583 Sixtus

250 610 352 705 potuit
375 608 564 668 thesauros
557 608 676 688 imperii
699 626 717 666 a
739 604 880 686 Philippo
918 609 1105 688 imperatore
1127 626 1169 665 su-

247 692 386 788 scipere,
418 700 450 751 et
479 691 639 751 thesauros
675 690 826 751 ecclesiae
861 690 1029 769 appellare
1074 688 1170 763 Ratic,

250 775 301 854 qui
322 780 427 871 potest
448 773 656 834 monarchiam
680 774 835 851 suscipere
850 774 915 832 iure
931 773 1048 849 divino,
1072 780 1171 868 potest

248 866 280 917 et
312 858 376 917 eius
409 877 532 917 annexa
569 858 724 937 suscipere
754 856 902 915 eodem
894 876 976 933 rure,
1011 856 1170 935 potissime

247 959 316 999 cum
334 939 470 1000 Christus
492 940 703 1000 relaxaverit'
696 959 742 999 rus
765 958 827 999 non
851 938 956 999 utendi
976 940 1120 1043 pecuniis
1142 946 1170 997 et

247 1024 349 1083 armis.

330 1106 481 1166 Octavum
504 1113 566 1191 est,
604 1105 688 1184 quod
716 1105 823 1165 beatus
853 1104 1035 1165 Laurentius
1060 1113 1173 1201 martyr

247 1191 345 1248 invito
367 1190 553 1268 imperatore
564 1188 661 1248 Decio
679 1188 778 1247 dictos
799 1187 959 1248 thesauros
982 1189 1087 1267 potuit
1104 1187 1172 1246 dare

249 1270 452 1352 pauperibus,
473 1274 568 1350 ratio,
600 1271 733 1331 thesauri
756 1290 816 1331 non
841 1278 928 1331 erant
949 1271 1093 1351 tyranni,
1122 1271 1172 1330 sed

250 1354 438 1415 monarchae
472 1356 544 1415 veri.
589 1356 630 1414 Ar
658 1374 747 1414 verus
776 1353 944 1414 monarcha
972 1361 1042 1413 erat
1072 1353 1172 1413 Sixtus

249 1436 392 1497 Pontifex
414 1436 496 1497 urbis
518 1440 584 1497 iure
606 1437 728 1515 divino,
764 1446 794 1497 et
816 1436 928 1497 Decius
951 1442 1018 1496 erat
1040 1456 1082 1496 ex
1105 1455 1171 1497 con-

250 1520 392 1599 sequenti
424 1526 580 1600 tyrannus.
630 1520 672 1580 Et
708 1518 822 1580 idcirco
860 1518 966 1579 heatus
988 1520 1170 1579 Laurentius

248 1622 306 1665 uec
327 1602 398 1679 dici,
420 1621 478 1663 nec
499 1623 569 1663 esse
585 1604 686 1683 potuit
705 1604 752 1669 fur
774 1611 805 1663 et
824 1609 938 1683 raptor.

333 1686 455 1747 Nonum
479 1693 541 1763 est,
570 1686 652 1765 quod
675 1685 790 1746 Caesar
817 1696 848 1746 et
876 1688 1102 1767 primogenitus
1128 1707 1171 1746 ec-

250 1770 362 1829 clesiae
385 1770 553 1849 imperator
575 1770 627 1830 ille
650 1778 710 1845 est,
734 1788 825 1851 quem
849 1768 978 1829 vicarius
1001 1770 1078 1849 agni
1101 1769 1171 1829 Cae·

249 1872 350 1912 sarem
373 1853 503 1912 instituit
524 1852 562 1912 ad
585 1852 797 1912 defensionem
820 1853 1026 1912 monarchiae.

333 1934 448 1995 Ultimo
472 1938 616 2015 sequitur,
640 1934 733 2014 quod,
758 1936 810 2014 qui
828 1935 938 1995 Christi
961 1936 1080 1997 vicario
1104 1954 1171 1996 con-

179 2054 183 2061 ·
249 2016 413 2095 tradicunt,
436 2019 501 2079 sive
524 2019 688 2097 Caesares,
712 2020 776 2078 sive
795 2038 883 2099 reges
906 2037 942 2077 ao
963 2020 1122 2099 principes
1144 2028 1170 2078 et

249 2107 442 2182 potentatus,
480 2104 581 2163 statim
610 2103 674 2162 iure
705 2102 809 2162 divino
838 2102 958 2183 tyranni
989 2100 1169 2180 efficiuntur,

250 2193 380 2264 suntque
409 2188 507 2266 magis
536 2185 591 2246 sub
619 2185 718 2246 hestia
749 2185 955 2248 maomethani
979 2185 1169 2265 tyranniade,

249 2286 340 2346 qnam
379 2267 434 2327 sub
467 2268 594 2328 iuridica
628 2269 732 2330 divina
766 2269 945 2329 monarchia
981 2269 1167 2328 immaculati

249 2353 330 2432 agni.
373 2351 460 2411 Haeo
481 2354 572 2432 igitur
592 2351 742 2412 hactenus
763 2351 843 2412 dicta
867 2359 945 2412 sunt.

381 2520 566 2613 Martinus
587 2552 774 2632 Lntherus
797 2553 862 2612 Pio
885 2553 1045 2614 Lectori.
1081 2548 1084 2553 ’

332 2687 475 2768 Legimus
503 2688 607 2749 lohan.
631 2687 696 2748 XlI.
719 2685 800 2767 quod
824 2685 913 2747 ludas
936 2687 1108 2749 ischarioth
1130 2689 1167 2746 in·

204 2769 208 2774 ’
251 2770 393 2851 dignatus
417 2772 468 2850 sit,
491 2791 561 2830 cum
584 2781 699 2831 tantam
723 2771 838 2830 videret
860 2773 1005 2850 unguenti
1029 2772 1166 2851 perditio·

250 2874 337 2934 nem,
360 2873 450 2934 quam
474 2854 661 2933 Magdalena
682 2855 710 2912 in
735 2873 864 2933 corpore
888 2853 997 2914 Christi
1021 2855 1164 2934 prodege-

248 2945 304 3014 rat,
326 2937 540 3017 reiigiosisime
565 2946 718 3013 causatus,
742 2939 878 3016 potuisse
901 2937 1089 3016 pauperibus
1110 2945 1164 2996 tan·

250 3029 311 3078 tum
337 3020 509 3079 thesaurum
534 3020 629 3082 multo
653 3021 787 3080 sanctius
811 3019 954 3082 distribui.
1000 3021 1069 3079 Fuit
1094 3021 1163 3079 haec

248 3122 322 3162 sane
345 3102 508 3181 magnifica
530 3112 559 3162 et
583 3104 721 3164 miranda
743 3104 864 3198 pictatis
894 3104 1013 3182 species
1042 3105 1073 3162 in
1109 3113 1162 3162 tarn

248 3186 367 3267 perdito
391 3193 421 3244 et
443 3185 558 3247 nefario
582 3186 719 3264 homine,
752 3188 794 3246 ita
824 3193 907 3246 utet
930 3187 1021 3245 ceteri
1046 3205 1163 3265 quoque

247 3268 380 3349 apostoli
415 3289 452 3328 ea
488 3269 571 3328 ver-hi
604 3269 832 3350 magnificentia
862 3268 979 3328 seducti
1012 3271 1163 3330 crederent

251 3353 322 3421 <sed
346 3352 540 3431 simplicitate
563 3353 754 3432 apostolica)
779 3351 950 3410 hominem
947 3353 1036 3412 serio
1054 3361 1085 3412 et
1101 3349 1162 3410 vere'

249 3435 321 3496 talia
338 3435 432 3513 loqui,
455 3435 509 3494 sed
525 3445 644 3514 postea,
667 3457 699 3495 re
715 3437 782 3515 ipsa
795 3434 886 3511 docti,
909 3433 1050 3510 viderunt
1076 3436 1162 3512 (sicut

248 3517 458 3595 lohanaedicit)
484 3537 552 3577 eum
575 3518 670 3577 furem
695 3517 796 3595 fuisse,
820 3522 850 3576 et
867 3517 983 3576 furandi
999 3537 1094 3577 causa
1108 3526 1160 3576 tam

249 3599 392 3677 religiose
415 3600 453 3660 de
476 3600 607 3660 ecclesia
635 3619 804 3697 pauperum
834 3600 970 3660 curanda
999 3603 1159 3660 mentitum

332 3681 420 3740 Hunc
446 3683 628 3762 piusquam
651 3684 838 3762 gnavissime
859 3702 1004 3743 romanus
1028 3684 1159 3744 Pontifex

251 3762 399 3840 imitatus,
432 3776 594 3843 postquam
630 3767 738 3825 vidit
730 3785 759 3826 ru
791 3784 902 3846 corpus
931 3766 1040 3826 Christi
1072 3769 1158 3846 (quae

249 3847 299 3902 est
335 3845 466 3905 socieris
493 3849 576 3946 eius)
612 3867 742 3928 magnos
772 3847 933 3910 thesauros
971 3867 1026 3930 per
1052 3849 1158 3926 fideles,
