2600 4300
404 300 441 356 ao
457 302 557 356 vanu
573 302 818 373 indulgentium.
997 296 1059 365 153

149 471 268 533 victima
286 472 322 532 in
342 469 478 532 membra
499 473 670 546 conscissa,
704 479 735 532 et
762 470 843 551 petie
864 470 1001 533 detracta
1026 472 1057 531 in

146 554 505 615 holocaustumiucensa.
532 554 574 615 Et
593 555 644 615 bic
664 554 829 615 infunditur
854 563 904 625 (ut
924 553 1056 637 vocant)

147 637 250 718 gratia,
273 639 357 697 sicut
378 638 423 697 ait
442 638 515 697 Eas.
528 640 583 701 41:
610 638 813 717 Persequetur
834 656 899 715 eos,
922 636 1061 698 transibit

145 722 174 779 in
193 738 292 799 pace,
327 728 359 780 et
389 723 444 785 66:
487 720 588 799 Super
619 740 710 799 quem
737 721 910 799 requiescet
937 722 1058 800 spiritus

145 821 242 878 meus,
272 804 334 863 nisi
362 822 456 882 super
476 805 611 881 quietum
634 812 665 865 et
685 805 847 880 humilem,
880 809 1059 865 trementem

144 904 299 947 sermones
325 886 439 947 meos?
480 886 522 946 Et
549 886 698 947 Ezechias
726 888 798 947 Eso.
821 887 874 950 38:
915 886 1059 963 Domina,

144 970 165 1027 si
186 970 230 1027 sic
250 969 382 1043 iivitur,
405 976 436 1028 et
458 969 568 1029 talibus
590 971 654 1030 rita
675 971 797 1050 spiritus
819 971 888 1048 mei,
912 970 1059 1049 corripies

145 1071 197 1130 rue,
218 1056 252 1111 et
272 1050 447 1113 vivificabis
468 1072 526 1113 me.

221 1134 342 1195 Verum
366 1141 439 1195 tunc
459 1135 540 1195 adeo
566 1136 690 1215 ignorat
719 1135 812 1195 humo
843 1135 889 1203 sui
918 1133 1060 1195 iustifice-

144 1218 273 1295 nonem,
303 1224 339 1277 ut
360 1237 429 1277 sese
450 1219 623 1298 proximum
644 1224 732 1297 putet
755 1218 952 1278 damnationi.
995 1217 1061 1277 Nec
1132 1210 1138 1223 ’

145 1300 329 1361 infusionem
352 1302 484 1380 gratiae,
516 1300 571 1361 sed
592 1300 772 1361 effusionem
802 1302 865 1361 iras
888 1300 946 1361 Dei
969 1320 1060 1380 super

145 1402 176 1445 se
197 1383 280 1443 banc
301 1390 393 1463 putet
412 1402 490 1446 esse.
533 1384 648 1445 Beatus
669 1390 786 1453 tamem
810 1384 835 1443 si
857 1382 962 1443 suffert
981 1383 1062 1445 bano

145 1467 363 1544 tentationem,
385 1468 531 1545 quoniam
554 1486 622 1527 cum
644 1486 678 1527 se
700 1472 913 1547 consumptum
936 1473 1060 1545 putave-

144 1549 187 1626 rit,
209 1550 330 1609 orietur
352 1550 431 1609 sicut
451 1550 566 1609 lucifer.

222 1631 335 1693 Stante
356 1639 458 1691 autem
480 1632 540 1692 bac
559 1633 672 1693 misera
685 1632 893 1693 conscientiae
904 1649 978 1693 suae
990 1648 1061 1691 con-

145 1714 261 1774 tusione
282 1733 348 1775 noc
366 1714 588 1795 bubetpacsm,
610 1732 711 1793 neque
722 1714 978 1791 consolationem,
1002 1714 1060 1773 nisi

147 1795 180 1855 ad
199 1804 391 1876 potestatem
414 1798 566 1859 ecclesiae
587 1797 758 1877 confugiat,
781 1798 904 1876 suisque
926 1797 1061 1875 peccatis

147 1888 174 1938 et
195 1881 328 1939 miseriis
350 1899 406 1959 per
427 1882 652 1941 confessionem
675 1880 803 1941 detectis
825 1880 961 1959 postulet
983 1879 1062 1939 soln-

148 1963 216 2021 tium
246 1970 280 2022 et
308 1962 495 2039 remedium,
525 1982 628 2042 neque
659 1965 740 2023 enim
767 1983 823 2025 suc
853 1962 983 2023 consilio
1015 1961 1064 2021 vel

149 2044 267 2104 auxilio
295 2064 367 2105 sese
398 2048 512 2125 poterit
541 2066 669 2127 pacare,
709 2048 771 2107 imo
804 2041 1062 2126 abnormi-etum]

149 2128 267 2188 undem
302 2129 427 2189 tristitia
457 2131 488 2190 in
520 2130 777 2210 desperationem.
826 2128 883 2188 Hic
915 2126 1061 2189 sacerdos

151 2211 235 2272 telem
258 2211 371 2271 videns
385 2212 585 2275 bumilitatem
604 2222 636 2273 et
650 2214 917 2292 compunctionem
936 2210 975 2270 de
988 2209 1062 2270 fidu·
1120 2275 1125 2288 ,

149 2294 192 2352 cio
221 2296 389 2373 potestatis
415 2294 472 2356 sibi
507 2296 547 2356 ad
575 2295 788 2371 taciendam²)
822 2293 1060 2355 misericordiam

150 2375 275 2436 traditae
292 2377 470 2456 plenissima
488 2387 664 2458 praesumat
688 2387 718 2438 et
737 2378 847 2452 solvat,
869 2377 1063 2455 solutumque

152 2461 340 2536 pronunciet,
362 2479 401 2519 cc
423 2462 468 2521 sic
489 2480 596 2542 pacem
621 2463 649 2522 si
671 2461 879 2522 conscientias
902 2459 1003 2522 donet.

225 2541 448 2603 Absolvendus
468 2563 542 2606 vero
565 2546 650 2604 omni
671 2543 771 2606 studio
794 2550 917 2621 caveat,
949 2561 989 2602 nc
1010 2540 1062 2602 du·

153 2624 264 2692 bitet*)
299 2625 357 2684 sibi
385 2627 514 2687 remissa
535 2646 603 2687 esse
624 2627 706 2707 apud
727 2627 826 2686 Deum
848 2631 976 2705 peccata
997 2643 1061 2703 sua,

152 2707 245 2785 sitque
265 2709 388 2786 quietus
415 2709 446 2768 in
476 2710 578 2770 corde.
616 2709 695 2770 Nam
718 2710 775 2770 etsi
796 2727 871 2788 prae
894 2727 968 2768 suae
990 2726 1061 2767 con·

154 2789 293 2850 scientiae
320 2791 502 2852 contunsione
529 2793 571 2852 sit
594 2794 728 2854 incertus
760 2791 857 2868 (sicut
884 2790 1063 2870 regulariter

154 2880 269 2949 eportet
290 2871 374 2943 fieri,
396 2875 421 2934 si
443 2877 639 2954 compunctio
660 2893 735 2936 vera
756 2879 833 2950 est),
855 2874 1061 2936 temen'stare

154 2959 267 3014 terimur
287 2955 414 3018 alterius
434 2957 562 3034 iudicio,
590 2978 652 3017 non
674 2963 799 3038 propter
820 2957 917 3036 ipsum
941 2956 1060 3020 Praete

155 3044 210 3096 tum
236 3044 291 3097 aut
310 3046 497 3117 potestatem
527 3041 593 3100 eius
619 3041 684 3101 uilo
713 3039 822 3116 modo,
855 3039 909 3100 sed
938 3045 1062 3120 propter

155 3119 274 3179 verbum
297 3120 425 3197 Christi,
456 3123 508 3201 qui
532 3124 654 3192 mentiri
681 3141 744 3184 non
766 3128 884 3204 potest,
914 3120 1060 3182 dicendo:

157 3199 359 3281 Quodcunque
381 3204 510 3264 solveris
523 3225 616 3286 super
627 3213 747 3266 terram.
775 3205 865 3266 Fides
880 3207 960 3265 enim
973 3204 1062 3264 huius

156 3283 232 3344 verbi
261 3284 354 3346 faciet
381 3306 490 3365 pacem
521 3290 745 3366 conscientiae,
776 3288 847 3348 dum
878 3289 964 3348 iuxta
988 3283 1063 3345 illud

159 3367 291 3428 sacerdos
314 3367 449 3431 solverit.
472 3369 533 3444 Qui
554 3389 627 3431 vero
648 3389 758 3452 pacem
781 3372 842 3432 alic
863 3370 913 3430 via
934 3368 1061 3446 quaerit,

159 3455 256 3528 utputa
282 3451 474 3530 experientia
498 3453 596 3531 intus,
626 3453 676 3514 bic
708 3461 790 3514 certe
817 3453 915 3512 Deum
943 3450 1062 3548 videtur

108 3739 114 3750 ·
221 3723 252 3794 1)
273 3725 304 3776 ln
321 3723 366 3778 ed
384 3723 456 3777 lan:
480 3723 652 3778 absorbetur.
700 3724 732 3791 2)
752 3724 833 3779 ibid:
853 3725 1017 3780 iaciendum.
1071 3753 1077 3760 »

219 3797 248 3862 ’)
268 3794 340 3848 Usus
357 3795 482 3865 privatae
500 3794 692 3850 absolutionis.
