2600 4300
267 326 328 395 156
514 329 710 405 &seleucum
731 328 839 400 chput
858 328 937 383 Luth.

265 522 305 562 er
327 500 389 562 flde
410 499 548 562 habetur.
570 500 640 562 Non
665 518 739 579 ergo
752 489 836 581 prius
857 499 951 561 solvit
962 490 1066 560 Petrus
1086 518 1165 579 quem

265 585 423 660 Christus,
459 583 514 644 sed
537 584 674 644 declarat
696 593 727 643 et
747 582 884 644 ostendit
904 582 1102 661 solutionem
1127 587 1167 644 cui

266 668 316 747 qui
338 630 500 727 crediderit
521 686 590 727 curu
611 666 743 743 fiducia,
772 686 844 727 vere
867 666 999 726 obtinuit
1023 629 1123 745 pscein
1142 676 1168 727 et

265 742 476 810 remissionem
499 750 582 830 apud
603 750 693 811 deum
720 712 768 829 (id
791 757 847 825 est,
826 754 971 809 tcertus
993 748 1037 825 fit,
1058 766 1090 808 se
1110 769 1168 809 esse

264 831 458 929 absolutum)
480 835 633 911 courel,
663 833 718 893 sed
746 832 818 892 fidei
840 832 1036 908 certitudine,
1058 839 1169 911 propter

264 915 455 977 infallibilem
490 916 726 977 misericorditer
754 917 866 995 promit
868 916 960 975 tentis
987 934 1169 975 sermonem:

265 998 479 1079 Quodcunque
501 999 631 1060 solveris
655 1006 714 1060 etc.
733 998 861 1059 sinito.
883 1001 916 1062 5:
939 996 1095 1057 lustiticsti
1115 1018 1170 1077 grs-

266 1085 304 1142 tis
331 1103 387 1163 per
423 1083 551 1163 graiium
581 1083 678 1161 ipsius
709 1100 817 1162 pacem
846 1080 995 1140 hebemus
1025 1080 1065 1139 ud
1084 1081 1170 1140 Deum

265 1186 320 1245 per
343 1165 446 1242 fidem,
468 1184 530 1225 uon
552 1166 658 1244 utique
679 1184 735 1245 per
755 1184 819 1224 rem
841 1170 899 1223 etc.

274 1267 277 1273 ·
346 1248 434 1323 Quae
462 1249 487 1307 si
507 1254 593 1308 recte
621 1254 653 1307 et
674 1266 746 1307 vere
766 1248 871 1327 sepio,
901 1265 966 1307 uon
1002 1252 1052 1305 est
1074 1246 1171 1306 falsum

263 1350 364 1410 neque
384 1332 584 1410 improprium
605 1338 657 1404 (ut
673 1330 853 1395 illivolunt)
880 1328 982 1389 dicere
1004 1328 1089 1409 quod
1101 1348 1172 1409 papa

263 1416 401 1475 remittat
423 1414 562 1492 culpsm3
583 1415 645 1473 imo
667 1414 807 1473 remissio
826 1412 936 1492 culpae
958 1420 1005 1472 est
1026 1413 1173 1492 incompa-

261 1497 397 1558 rabiliter
408 1496 526 1572 melior‚
540 1516 632 1575 quam
642 1496 783 1556 remissio
796 1513 1049 1575 quarumcunque
1070 1514 1174 1574 poenu-

261 1599 339 1642 rum.
372 1580 457 1641 Licet
476 1579 558 1639 benc
578 1581 621 1639 ita
642 1579 741 1638 solam
764 1577 951 1659 praedicent,
974 1584 1008 1637 ut
1028 1578 1174 1637 remissio·

263 1682 333 1723 nem
356 1663 466 1743 culpae
486 1662 615 1722 fecerint
634 1662 750 1721 nullum
780 1680 849 1723 esse
869 1662 900 1720 iu
925 1662 1078 1735 ecclesia,
1115 1678 1173 1721 cun

263 1752 371 1806 coutm
391 1746 494 1825 potius
516 1746 571 1822 sit,
600 1744 652 1805 ubi
674 1745 754 1805 enirn
777 1744 870 1805 homo
893 1762 948 1823 per
969 1744 1173 1804 remissionem

263 1828 372 1907 culpes
398 1837 507 1906 (quam
528 1828 585 1888 sibi
605 1829 664 1907 ipsi
686 1826 759 1887 dure
779 1828 899 1905 nequit,
922 1845 991 1885 cum
1012 1844 1106 1886 nemo
1127 1826 1174 1886 sibi

262 1913 321 1991 ipsi
351 1911 476 1970 credere
508 1910 635 1986 debeat,
666 1912 723 1969 nisi
747 1912 797 1988 qui
820 1910 906 1969 malit
935 1928 974 1969 ex
995 1928 1060 1968 una
1086 1908 1175 1969 turba-

263 1996 348 2055 tione
371 1993 446 2054 duas
467 1993 590 2068 facere)
613 2012 668 2073 per
689 1992 782 2053 iidem
795 1992 1000 2053 absolutionis
1021 1999 1174 2071 acceptum

262 2083 390 2158 pacatus
420 2077 532 2155 fuerit,
563 2078 663 2137 omnis
690 2094 793 2156 poene
825 2076 853 2135 ei
876 2074 961 2135 nulls
989 2093 1096 2156 poena
1126 2081 1174 2135 est.

262 2160 479 2221 Conscientiae
501 2161 581 2220 enim
604 2160 744 2220 confusio
767 2160 841 2219 facit
862 2159 1023 2218 molestam
1038 2177 1175 2237 poenam,

261 2243 433 2304 iucunditas
447 2261 522 2303 vero
531 2244 739 2303 conscientiae
751 2241 917 2321 optabilem
939 2241 1012 2300 facit
1040 2259 1174 2320 posnam.

344 2326 385 2386 Et
405 2327 485 2386 hanc
505 2325 739 2405 intelligentium
766 2327 797 2384 iu
820 2323 936 2403 populo
967 2323 1005 2382 de
1026 2329 1175 2402 potestate

260 2409 391 2469 clerium
413 2408 552 2468 videmus
573 2407 747 2479 abundare,
781 2408 832 2485 qui
853 2407 983 2486 simplici
1007 2405 1070 2467 fide
1093 2423 1174 2484 quse-

261 2499 331 2552 runt
361 2497 393 2554 et
427 2492 583 2570 accipiunt
615 2490 853 2551 absolutionem.
904 2489 1068 2550 Doctiores
1108 2507 1174 2547 vero

262 2574 385 2653 quidam
406 2575 468 2634 suis
491 2575 627 2633 nituntur
648 2591 718 2632 sese
734 2571 970 2633 contritionibus
992 2579 1024 2630 et
1037 2570 1174 2651 operibus

260 2668 354 2736 etque
376 2655 622 2717 confessionibus
650 2656 752 2716 fecere
775 2655 858 2734 quiet
859 2673 914 2732 os,
942 2661 974 2713 et
994 2654 1070 2714 nihil
1098 2653 1173 2714 eliud

261 2746 366 2820 egunt,
389 2758 479 2818 quem
502 2737 587 2818 quod
607 2737 647 2798 de
667 2737 904 2817 inquietudine
896 2737 1173 2814 1u1uqu1etud1uern

261 2830 343 2900 eunt,
366 2823 437 2918 quia
457 2823 488 2881 iu
511 2839 545 2881 se
568 2827 600 2880 et
620 2820 860 2894 nuaconliduut‚
834 2827 963 2898 tcum,
985 2821 1011 2878 si
1033 2821 1175 2880 sentirent

261 2905 470 2966 conscientiae
497 2903 627 2981 malum,
661 2903 809 2964 deberent
830 2866 950 2962 Obsisto
985 2901 1111 2962 credere
1138 2902 1174 2961 di·

261 2990 362 3049 centi:
385 2986 599 3064 Quodcunque
619 2987 751 3047 solveris
772 2992 831 3046 etc.

342 3070 391 3129 Ad
426 3069 488 3130 hoc
516 3078 619 3129 autem
652 3069 860 3130 conscientiae
892 3067 1006 3126 melum
1043 3067 1174 3162 theologi

260 3153 448 3213 recentiores
474 3152 565 3212 nimis
586 3151 716 3212 feliciter
738 3155 965 3230 cooperantur
986 3136 1077 3209 ιιιιιιιΙ
1081 3167 1174 3210 sacra-

260 3243 396 3296 mentum
420 3235 630 3315 poenitentiae
647 3236 692 3294 sic
712 3241 845 3296 ιιιιοιιιιι
866 3239 898 3292 et
919 3233 1048 3307 docent,
1070 3237 1173 3312 utpo-

260 3319 349 3398 pulus
372 3317 471 3377 discat
491 3337 547 3396 per
564 3335 635 3377 suas
668 3318 876 3378 contritiones
893 3321 924 3375 et
911 3278 1173 3376 tsatisfectiones

260 3400 417 3462 confidere
438 3419 473 3460 se
494 3408 623 3496 peccata
643 3419 700 3460 sue
720 3419 814 3480 posse
836 3398 948 3458 delere.
972 3397 1059 3473 Quae
1079 3399 1173 3458 vanis-

260 3485 338 3543 sima
359 3484 568 3564 praesumptio
590 3483 665 3542 nihil
688 3483 769 3544 aliud
791 3488 846 3563 pot
833 3488 895 3543 test
917 3479 1058 3560 efficere,
1085 3499 1172 3560 quem

260 3570 296 3624 ut
305 3583 375 3624 cum
388 3565 637 3626 haemorrhoissa
647 3566 829 3647 evangelica
839 3563 875 3642 *)
890 3583 927 3624 sc
942 3563 972 3645 Ι)
996 3570 1174 3644 consumpte

333 3745 364 3814 ⁸)
381 3738 468 3804 ttsrc.
493 3752 518 3805 5.

333 3816 363 3880 1)
382 3818 414 3869 Iu
432 3819 474 3871 ed.
493 3821 552 3904 pen.
573 3821 664 3875 deest:
684 3837 724 3874 ac.
