2600 4300
162 364 167 373 ’
236 372 299 444 360
395 364 795 443 raimalastum.
815 340 1009 443 Brerepraso.

223 529 405 623 reilimunt,
439 560 570 625 esseque
600 528 807 625 indulgentias
834 522 1037 620 sliridnih'il,
1067 529 1151 623 quam

235 624 443 693 ‘relaxationes
476 626 626 689 bonorum
663 644 807 705 operum,
843 616 953 705 quihus
992 623 1152 686 satisfactio

234 712 388 795 impletur,
409 730 484 771 mox
505 707 567 770 vidi
588 706 719 789 proclivi
741 706 876 787 sequela,
899 727 953 769 eas
974 725 1072 791 posse
1083 726 1152 769 oon-

235 796 347 873 temni,
367 795 431 855 imo
461 790 692 853 saluberrimum
715 810 786 853 esse
807 788 986 869 eonsilium,
1017 797 1051 851 ut
1072 790 1153 849 relin-

237 877 368 958 quantur
389 882 421 939 et
440 875 517 936 viles
539 874 718 937 habeantur.

247 1034 268 1060 ,.
320 982 417 1047 Porro
439 987 659 1059 contemnere,
680 980 863 1061 relinquere,
884 978 958 1041 vilia
979 976 1096 1041 duoere
1115 996 1156 1039 sa

199 1088 204 1095 ·
237 1074 417 1138 maneta,
449 1063 686 1143 pretiosissima,
719 1060 1016 1141 inaestimabilisque
1052 1060 1156 1126 merita

238 1146 351 1211 Christi
381 1145 429 1230 (id
457 1153 522 1224 est,
552 1142 780 1226 indulgentias)
809 1144 996 1207 horrendum
1019 1142 1156 1221 sonabat,

236 1251 276 1295 ao
300 1249 365 1293 non
393 1238 454 1291 tam
478 1228 599 1291 oonsilii
621 1247 711 1307 quam
733 1228 860 1291 furentis
875 1228 1044 1308 impietatis
1067 1224 1157 1299 verba

237 1312 459 1377 'urdioahantua
501 1310 552 1375 Ad
572 1311 652 1373 haee
671 1308 871 1391 perurgebat,
892 1310 977 1391 quod
998 1308 1154 1391 indulgen·

238 1398 300 1459 tiae
327 1397 396 1457 sine
422 1395 546 1457 nomine
575 1394 752 1455 meritorum
781 1392 893 1455 Christi
921 1392 1094 1455 vilissimas
1115 1411 1155 1455 es-

238 1486 321 1557 sent,
348 1479 480 1557 soloque
500 1476 589 1537 titulo
618 1477 794 1537 meritorum
821 1474 932 1537 Christi
960 1495 1066 1538 rerum
1099 1494 1155 1536 om·

238 1562 322 1623 nium
334 1560 575 1640 pretiosissimae
589 1556 708 1635 flerent,
731 1577 768 1619 oo
779 1560 824 1622 sio
836 1564 1037 1619 saerosanota
1062 1554 1154 1639 (hen)

237 1642 494 1723 incomparabilia
523 1642 634 1703 merita
665 1639 777 1703 Christi
804 1640 844 1701 ad
866 1640 1077 1721 turpissimam
1097 1640 1153 1703 foe

239 1724 460 1805 dissimam'que
496 1724 673 1809 servitutem
712 1730 856 1803 quaestus
893 1730 1153 1804 praetexerentnr.

239 1808 314 1884 Quis
343 1809 424 1868 enim
446 1806 704 1883 Christianorum,
733 1806 762 1881 si
786 1805 891 1866 audiat
919 1806 970 1867 vel
997 1807 1153 1884 nominari,

238 1890 351 1953 nedum
380 1889 517 1953 exhiheri
546 1888 693 1967 vulnera,
722 1889 922 1969 sanguinem,
948 1886 1076 1957 labores
1097 1888 1153 1949 dul-

237 1974 351 2037 oissimi
380 1970 548 2034 salvatoris
576 1971 639 2048 sui,
672 1989 735 2033 non
757 1972 850 2033 vitam
872 1989 1015 2051 quoque,
1046 1970 1154 2040 nedum

238 2056 400 2137 pecunias,
427 2053 620 2135 prodigeret,
645 2052 740 2133 idque
763 2072 830 2115 oum
852 2052 989 2134 gaudio?
1009 2111 1011 2115 ,
1033 2053 1077 2115 At
1099 2073 1152 2134 quo

236 2159 356 2204 rursum
378 2136 489 2200 dolore
508 2134 708 2215 oruoiaberis,
742 2136 768 2196 si
790 2136 867 2198 haee
889 2138 993 2198 omnia
1016 2136 1153 2198 nonnisi

236 2225 268 2284 in
290 2221 477 2284 wrimum
501 2226 663 2300 quaestum
683 2220 798 2280 servire
818 2217 941 2296 videris,
962 2239 1001 2285 ao
1018 2240 1082 2283 non
1097 2239 1153 2282 uno

237 2304 330 2383 luda,
349 2322 411 2366 neo
428 2301 544 2382 semel,
571 2300 627 2362 sed
649 2302 816 2378 innumeris
837 2301 936 2380 ludis,
970 2303 1154 2384 singulisque

206 2399 219 2420 ·
237 2388 402 2449 momentis
420 2384 512 2446 vendi
533 2383 723 2463 revendique
744 2383 907 2448 Christum.
1023 2403 1027 2408 ·

318 2492 412 2572 Igitur
440 2510 504 2552 non
517 2547 524 2554 .
537 2495 569 2550 te
588 2488 677 2550 fallat
695 2509 811 2551 nornen
835 2489 964 2568 Christi,
978 2480 983 2489 ’
996 2489 1154 2552 reoordare

237 2573 429 2653 praedictum
452 2571 579 2650 esse'),
599 2572 714 2634 multos
735 2567 884 2634 venturos
906 2573 1154 2634 Pseudonhristos

238 2657 270 2716 in
293 2657 420 2721 nomine
441 2655 569 2733 Christi,
596 2660 743 2734 tantaque
775 2655 917 2736 prodigia
945 2657 1091 2737 etsigna
1108 2655 1152 2716 da·

237 2745 340 2814 turos,
367 2745 402 2799 nt
421 2739 453 2798 in
463 2756 612 2799 *errorem
633 2737 749 2798 duoent
771 2736 897 2814 (silleri
919 2744 1042 2817 potest)
1069 2740 1151 2799 etiam

237 2819 365 2881 eleetos.
424 2819 471 2882 Bit
506 2839 576 2882 mea
608 2821 782 2901 propositio
822 2819 917 2898 falsa,
959 2821 1022 2880 sint
1053 2822 1152 2882 merita

238 2899 352 2965 Christi
374 2901 536 2964 thesaurus
556 2902 833 2984 indulgentiarum,
854 2901 910 2966 sed
932 2903 1055 2983 cogita,
1077 2899 1151 2984 quod

234 2985 419 3062 hino¹sequi
440 2986 647 3046 neeessariam
673 2990 734 3062 est,
769 2991 802 3045 et
830 2983 937 3046 disere
969 2993 1000 3045 te
1022 2991 1150 3068 oportet:

236 3067 347 3129 hierita
367 3067 480 3129 Christi
501 3067 719 3146 relinquenda,
754 3072 786 3128 et
813 3066 890 3129 vilia
908 3066 1060 3130 desendet
1080 3085 1150 3144 esse,

237 3149 396 3212 feliciores
414 3168 485 3210 esse
506 3167 571 3226 eos,
593 3150 645 3228 qui
666 3149 776 3211 merita
789 3147 901 3210 Christi
922 3149 1150 3225 non-redimunt,

236 3231 1149 3393 westmunstier

197 3377 216 3400 ‘
235 3413 331 3478 epm
351 3395 521 3473 imperans
542 3396 575 3454 sn
592 3395 792 3476 insurgentis
804 3403 906 3457 nmen
926 3395 984 3458 ssu
997 3399 1147 3478 sparspug·

238 3477 360 3550 nantia,
387 3475 472 3535 bone
501 3495 596 3556 opera
623 3477 779 3554 relaxent,
814 3484 844 3538 et
866 3477 949 3558 quod
972 3487 1081 3558 notura
1099 3499 1147 3540 sua

233 3555 455 3634 voluntateque
484 3557 541 3617 Dei
569 3558 703 3637 faoiunt,
734 3558 765 3618 id
794 3559 955 3621 voluntate
974 3581 1075 3642 papas
1095 3562 1146 3622 sol-

248 3685 252 3694 ι
315 3692 321 3707 x
776 3704 780 3712 1
856 3673 876 3724 ρ
900 3706 903 3714 ,
949 3721 951 3728 y

218 3862 233 3898 χ
289 3831 317 3893 'l
335 3833 428 3887 llatth.
449 3838 493 3891 24.
