2600 4300
229 344 321 397 llesol.
345 344 453 412 Disput.
473 342 507 397 de
533 343 639 412 indulg.
660 345 761 396 virtute
783 343 811 396 l).
832 342 864 394 ll.
886 341 963 395 Luth.
1000 336 1062 405 123

147 511 288 571 Lutherus
315 509 473 592 Episcopo
507 513 592 591 huic,
627 512 823 572 Dioecesano
857 516 963 590 utpote
995 528 1061 587 suo,

147 595 332 673 propositum
354 614 442 655 suum
463 597 630 675 aperuerit,
652 595 725 654 licet
746 591 852 654 literae
875 612 937 653 non
961 610 1061 671 aeque

147 697 179 737 ac
198 677 281 754 illae,
304 697 379 755 quas
402 686 475 737 tunc
496 678 534 736 ad
558 678 834 757 Archiepiscopum
859 677 987 756 scripsit,
1011 694 1062 735 ex·

146 767 236 820 stent:
266 767 297 819 et
318 762 362 819 sic
384 761 484 820 lucem
507 762 648 840 capiunt,
673 778 751 838 quae
772 760 920 819 Lutherus
942 761 973 817 in
997 758 1061 819 lite-

146 844 182 902 ris
203 842 241 902 ad
253 843 436 903 Pontificem
461 844 552 922 praulo
574 850 645 923 post
666 843 744 902 datis
764 843 864 921 refert,
887 862 927 902 se
944 843 1061 921 priva·

146 928 207 985 tim
226 928 426 985 monuisse
448 926 817 1005 aliquosmagnates
836 926 1062 985 ecclesiae.“

145 1009 205 1067 Nec
227 1009 327 1067 minus
349 1010 503 1068 coniicere
525 1008 596 1068 inde
619 1027 804 1087 possumus,
833 1008 997 1067 Lulherum
1020 1010 1062 1087 ip-

146 1110 207 1150 sum
229 1091 429 1170 probationes
451 1093 515 1151 sive
536 1092 753 1169 resolutiones,
777 1110 852 1169 quas
878 1090 968 1171 paulo
991 1096 1063 1170 post

135 1175 242 1232 theses
266 1176 440 1253 propositas
463 1182 556 1253 atque
576 1176 636 1233 iam
659 1182 731 1233 ante
754 1192 866 1233 annum
893 1177 970 1237 lbll
993 1172 1046 1231 lini

146 1265 203 1315 tum
228 1263 352 1334 paratas
376 1257 468 1316 luisse
491 1257 583 1317 modo
606 1258 826 1337 cognovimus,
856 1260 921 1317 sive
942 1258 1063 1316 ratione

145 1339 288 1417 Episcopi
309 1341 356 1398 sui
378 1339 558 1399 habitasive
580 1360 635 1418 spe
659 1358 758 1419 aequa
780 1339 963 1419 impetrandi
981 1358 1062 1399 corn-

146 1430 258 1481 motum
283 1423 364 1501 typis
388 1422 533 1502 evulgare
555 1424 743 1501 aliquantum
767 1422 931 1482 distulisse.
962 1422 1062 1497 Quum

96 1517 97 1528 ¹
146 1522 215 1563 vero
238 1522 300 1563 uon
319 1504 473 1582 deessent,
496 1507 546 1585 qui
569 1505 609 1565 ob
618 1506 674 1565 has
689 1506 791 1565 theses
811 1506 972 1584 obiurgare
983 1525 1062 1584 eum,

96 1661 97 1666 η
145 1588 330 1666 impugnare,
353 1595 497 1666 tanquam
521 1589 709 1647 haereticum
732 1589 879 1648 infamare
901 1608 961 1648 nun
986 1588 1063 1647 desi·

96 1675 97 1732 l
146 1678 259 1747 nerent,
279 1670 479 1748 probationes
502 1690 605 1729 earum
629 1672 658 1733 in
672 1672 780 1751 vulgus
799 1670 889 1731 edere
902 1668 982 1751 apud
1000 1671 1061 1730 uni·

146 1772 223 1810 mum
250 1770 337 1810 suum
368 1755 526 1813 constituit
562 1764 594 1813 et-
614 1756 674 1813 iam
699 1754 748 1814 die
773 1755 823 1817 lX.
855 1756 968 1813 mensis
991 1754 1062 1813 Maii

146 1855 169 1894 a.
193 1836 291 1912 1518,
321 1855 412 1913 quum
451 1837 655 1917 Heidelbergu
693 1845 895 1897 reverteretur
924 1836 1063 1896 Wittem·

145 1917 276 1996 bergam,
298 1918 467 1994 Erirrrdiae,
491 1920 541 1978 ubi
565 1928 627 1979 tum
642 1922 671 1978 in
684 1920 974 2001 Augustinianorum
1000 1939 1062 1980 mo·

147 2002 275 2060 nasterio
304 2000 460 2060 fruebatur
481 2002 676 2079 deversorm,
708 2003 830 2063 lodooo
854 2002 1062 2078 Eisenaceusi,

96 2097 100 2135 ;
147 2102 199 2141 suo
228 2082 382 2162 quondam
412 2087 605 2164 praeceptori
639 2097 666 2144 et
698 2086 873 2166 theologiae
895 2085 1062 2166 professori

96 2174 101 2207 ¹·
146 2166 341 2240 Erfurdiensi,
365 2186 453 2244 quem
464 2187 541 2227 voce
564 2169 648 2228 adire
671 2189 725 2248 per
736 2171 879 2238 famulum
895 2169 1061 2246 ostiarium,

96 2260 98 2319 ¹,
148 2249 223 2326 quod
246 2249 363 2307 domini
388 2251 530 2309 valetudo
552 2252 698 2324 obstaret,
718 2254 778 2330 ipsi
799 2271 861 2311 non
880 2253 1060 2331 permissum

149 2339 206 2407 est,
232 2331 314 2390 haec
336 2334 454 2392 scribit:
499 2333 586 2413 „Ego
609 2352 684 2393 sane
706 2335 824 2410 fateor,
847 2335 956 2393 vellem
979 2333 1062 2412 quod

98 2458 99 2479 2
149 2414 243 2472 nullae
278 2424 383 2473 essent
413 2417 441 2473 in
465 2423 532 2475 tota
566 2417 697 2476 ecclesia
727 2417 951 2497 indulgentiae,
986 2435 1062 2495 quas

98 2548 99 2579 ,
149 2516 199 2555 nec
234 2497 303 2554 ltali
341 2505 447 2556 curant
486 2499 535 2557 vel
558 2499 688 2577 pilum:
733 2502 789 2559 nisi
831 2500 910 2578 quod
947 2500 1062 2558 luorum

149 2588 255 2637 tantum
278 2588 482 2657 promovent,
512 2582 574 2640 imo
602 2583 701 2660 ipsum
727 2583 841 2641 lucrum
862 2589 953 2660 atque
979 2582 1062 2642 aliud

98 2718 99 2735 ,
151 2661 216 2719 nihil
237 2669 438 2738 promovent:
484 2671 515 2721 ut
532 2663 627 2722 latius
651 2663 748 2723 dicam
772 2667 801 2723 in
826 2665 1063 2744 probationi-

98 2752 99 2809 }
152 2743 208 2801 bus
237 2745 336 2819 meis,
359 2745 426 2803 Deo
461 2744 602 2822 volente,
633 2749 785 2806 statim
821 2747 1063 2827 vulgandis.“

153 2825 247 2907 [Luth.
271 2826 350 2904 Epp.
374 2826 421 2887 ed.
444 2829 539 2888 Aurif.
561 2829 584 2903 l,
607 2833 657 2904 61,
681 2830 717 2889 de
741 2829 845 2889 Wette
866 2831 893 2905 l,
918 2851 945 2909 p.
972 2834 1060 2906 109.)

98 2948 99 2953 κ
152 2908 397 2988 Wittembergam
420 2911 511 2989 igit-ur
533 2912 682 2972 sabbatho
696 2920 767 2992 post
785 2912 986 2974 Ascensionis
1009 2913 1061 2973 do-

98 2986 103 3044 1
153 2993 274 3050 minicae
303 2991 413 3049 festum
446 2993 550 3066 (Lutlr.
580 2995 657 3074 app.
687 2994 733 3056 ed.
757 2995 855 3058 Auris.
877 2996 903 3071 Ι,
939 3001 993 3076 62,
1025 2996 1064 3056 dc

153 3073 246 3132 Wette
268 3074 291 3144 l7
315 3077 432 3152 pilu)
457 3095 597 3135 reversus
619 3080 680 3136 iam
703 3078 731 3136 d.
755 3078 836 3138 XXll
861 3097 899 3138 m.
914 3081 984 3140 Maii
1007 3079 1063 3138 has

99 3230 100 3239 ,
154 3156 893 3239 ResolutionesdescriptusHieronymciloulteto,
906 3163 1064 3242 Episcopo

99 3244 102 3315 ᾗ
155 3239 292 3297 ecclesiae
328 3239 644 3320 Brandenburgensis,
685 3243 839 3303 ordinario
873 3264 944 3321 suo,
983 3246 1065 3304 misit

156 3323 269 3399 eiusque
285 3320 410 3380 arbitrio
439 3341 476 3381 ac
495 3325 609 3383 iudicio
635 3328 770 3384 maxima
795 3347 863 3386 cum
892 3329 1064 3388 reverentia
1166 3343 1177 3364 ⁴

99 3406 100 3419 ²
157 3403 272 3462 subiecit
311 3403 416 3468 (Loth.
449 3405 527 3485 Epp.
558 3406 605 3466 ed.
636 3409 730 3469 Aurii
763 3412 797 3476 l,¹
819 3429 846 3488 p.
875 3414 912 3473 63
936 3429 1001 3489 sqq.
1025 3409 1064 3470 de

99 3540 100 3553 ,
157 3485 247 3546 Wette
270 3487 292 3562 l,
322 3490 375 3548 ll2
398 3505 464 3566 sqq.
473 3510 496 3565 J,
520 3497 550 3548 et
572 3491 663 3568 paulo
687 3498 758 3569 post
780 3491 828 3550 die
843 3491 925 3552 XXX
950 3494 1063 3552 mensis

100 3614 101 3649 ,
158 3568 218 3627 llaii
239 3569 362 3629 easdem
382 3570 516 3631 lohanui
535 3571 685 3651 Staupitio
710 3575 791 3633 misit
813 3593 925 3654 rogans
948 3582 1002 3652 „ut
1022 3577 1064 3636 iu·

100 3660 101 3663 ’
159 3653 243 3729 eptias
264 3671 334 3711 suas
356 3655 526 3732 susciperet
555 3662 668 3734 etqua
690 3655 754 3715 fieri
777 3663 884 3734 posset
916 3658 1065 3718 industria

99 3760 100 3785 2
160 3734 191 3791 sd
210 3735 386 3795 Pontificem
416 3735 549 3796 Leonem
579 3737 730 3797 decimum
765 3740 1003 3815 transmitteret,
1032 3747 1065 3800 ut

99 3836 100 3839 ¹
161 3826 249 3878 essem
283 3818 341 3878 sibi
369 3817 517 3878 adversus
545 3818 646 3879 studia
668 3820 899 3900 malignantium
922 3823 988 3881 vice
1010 3823 1063 3884 ali·
