2600 4300
244 320 288 387 94
529 322 880 393 nusum-&mous

245 494 322 589 tuit2
339 493 464 555 concilii
483 500 516 555 et
535 514 600 558 usu
619 494 725 575 Pepse
746 512 816 555 esus
836 492 979 558 desidere
1001 492 1044 553 de
1062 492 1124 553 tide
1142 501 1165 554 et

245 575 432 722 mida&
461 663 489 721 1.
520 659 604 738 quud
636 657 852 739 univers-leh)
882 618 1051 721 suubitiurn
1080 660 1161 722 etism

244 744 302 803 rite
322 741 525 821 eelebretuur,
556 743 744 805 intellectum
773 749 877 805 temen
907 742 1080 821 ut-‹uliquid
1099 760 1162 803 eon-

244 832 293 885 ιη
312 823 494 885 Pontificem
515 824 663 904 divisum,
686 822 858 889 desidendo
881 824 920 885 de
942 824 1006 888 tide
1027 833 1058 885 et
1082 828 1162 885 mori-

244 906 426 1053 pppwerrsrs
451 914 571 988 potest,
604 916 637 969 st
666 908 814 989 probetur
843 926 964 987 erruese
985 908 1112 988 saepius
1133 907 1163 969 de

328 1090 370 1150 Et
388 1093 420 1154 2.
442 1089 525 1170 quod
546 1090 712 1152 eonsilium
735 1092 794 1151 rite
804 1089 992 1151 celebratum
1009 1096 1163 1169 assepturn

244 1176 292 1233 siu
309 1174 378 1250 uti)
400 1180 605 1253 esputsuum,
626 1192 787 1233 romanum
805 1170 1042 1249 Pontificem),
1067 1185 1163 1233 seeum

244 1256 431 1335 intelligutur
460 1256 573 1317 bebere
609 1258 826 1335 coniunctum,
867 1257 973 1335 utique
998 1255 1164 1316 desidendo

245 1339 284 1399 de
305 1338 367 1399 ude
387 1347 419 1399 et
441 1339 577 1399 moribus
598 1358 701 1399 errare
722 1340 837 1418 nequit.
945 1366 947 1371 ·

328 1436 369 1498 Et
390 1440 420 1503 3.
441 1438 482 1499 ibi
504 1438 600 1499 multe
621 1438 828 1500 dissolvuntur
856 1434 1039 1539 ergubrenta
1068 1438 1164 1519 malig-

243 1540 363 1582 norum.
804 1546 807 1553 ·

326 1622 368 1682 lut
388 1623 419 1683 4.
447 1620 530 1701 quod
558 1622 584 1681 si
605 1622 636 1681 in
660 1624 788 1682 materie
809 1618 881 1683 fidei
903 1620 981 1683 inter
1000 1614 1119 1701 Papdm
1140 1628 1165 1680 et

245 1705 412 1767 concilium
432 1712 515 1765 esset
536 1702 713 1781 dissidium,
745 1702 895 1785 siquidem
924 1706 985 1765 iarn
1015 1720 1064 1763 res
1092 1711 1165 1763 esset

245 1789 349 1848 deeisu
376 1808 432 1869 per
459 1787 603 1847 iudicium
644 1786 852 1867 irrefragabile
893 1781 1023 1867 Spiritus
1063 1786 1163 1863 saneti,

243 1870 331 1933 iuxta
351 1869 433 1931 diets
454 1871 612 1951 superius,
634 1868 677 1929 illi
698 1868 839 1931 standum
863 1876 962 1942 esset,
985 1869 1036 1949 qui
1057 1885 1114 1949 pro
1135 1888 1163 1928 se

245 1954 358 2013 dictem
379 1952 506 2013 baberet
527 1952 729 2032 decisionem,
752 1954 824 2033 quie
846 1947 906 2011 alia
927 1971 1016 2033 pers,
1051 1950 1162 2011 etiamsi

244 2046 326 2098 esset
347 2037 444 2117 Pepe,
465 2037 611 2097 niteretur
626 2044 735 2096 eontra
752 2034 895 2117 Spiritum
913 2042 1064 2112 sanetum,
1087 2033 1162 2113 quod

246 2127 348 2180 tamen
371 2126 419 2179 est
440 2117 645 2200 impossibiie,
669 2120 776 2180 eiiam
800 2118 922 2180 fecisset
940 2116 1024 2261 guod
1047 2116 1077 2177 iu
1099 2114 1159 2192 sel)

246 2210 300 2265 est.
345 2201 377 2263 Si
399 2221 472 2262 vero
495 2222 543 2262 res
566 2221 628 2262 non
650 2207 733 2262 esset
754 2198 937 2282 deciss,'se
989 2199 1161 2278 decidenda,

244 2285 368 2366 quidem
391 2285 495 2345 dieunt
516 2284 658 2345 standum
681 2285 718 2362 ei,
739 2286 790 2364 qui
808 2279 984 2346 melioribus
999 2283 1160 2344 rationibus

244 2376 395 2446 movetur,
415 2367 497 2447 quod
519 2370 617 2427 tenuit
635 2367 869 2428 Panormitanus
891 2369 921 2430 iu
945 2377 1030 2448 sep:
1052 2365 1161 2448 Signifi-

245 2453 336 2530 cavit,
358 2451 397 2511 de
418 2451 506 2513 elect.
529 2453 611 2511 etin
634 2449 766 2530 quadem
785 2451 1002 2531 disputatione,
1025 2469 1101 2528 quae
1120 2451 1160 2508 iu·

246 2537 334 2616 eipit:
357 2533 541 2614 Episcopus,
554 2531 609 2593 sed
621 2531 920 2614 irrationabilitertb)
947 2539 980 2592 ut
1001 2531 1043 2592 ibi
1059 2529 1160 2612 pr'ube-

246 2623 310 2696 tur,
333 2623 364 2677 et
386 2629 428 2677 eo'
446 2635 519 2676 casu
541 2615 626 2696 Papa
648 2615 773 2676 deberet
796 2635 902 2676 omnes
926 2609 1049 2694 audire,
1077 2621 1104 2675 et
1124 2635 1158 2674 ex

245 2707 330 2772 motu
351 2699 526 2760 sui-cordis
552 2697 653 2778 (quod
675 2717 694 2760 s
717 2697 821 2782 beon)
846 2700 876 2758 in
901 2697 1013 2760 talibus
1035 2699 1154 2777 regitur)

246 2783 370 2846 deberet
390 2782 522 2843 formare
543 2782 698 2862 iudicium,
722 2781 802 2850 uude
824 2779 965 2842 standum
989 2777 1071 2841 esset
1089 2777 1158 2840 Pou-

246 2865 320 2926 tiiiei
342 2866 424 2928 bona
446 2864 507 2925 fide
528 2871 558 2924 et
580 2857 851 2927 maturo'eonsilio
874 2859 1072 2945 procedenti,'
1095 2864 1158 2942 quie

246 2952 315 3030 sine¹
333 2949 464 3009 coneilio
486 2947 579 3008 babet
599 2943 807 3026 irrefragabile
828 2947 984 3024 iudicium,
1006 2953 1039 3006 ut
1059 2945 1157 3028 probu-

245 3025 309 3094 tum
331 3039 388 3110 est,
408 3050 471 3092 uon
494 3035 596 3092 sutem
619 3029 781 3091 eonsilium
805 3031 870 3090 siue
890 3029 993 3110 Papa,
1022 3036 1054 3089 ut
1075 3029 1156 3090 etism

244 3115 450 3199 probarumo)
476 3120 557 3179 est..
1139 3127 1141 3131 '

249 3274 253 3283 1
328 3197 369 3258 Et
389 3201 417 3265 5.
440 3196 523 3278 quud
545 3195 682 3273 partibus
705 3202 757 3257 sut
777 3194 917 3284 Patribus
946 3194 1067 3258 concilii
1091 3194 1156 3256 invi-

245 3354 665 3379 Mun-n·-

249 3497 254 3515 ‚
298 3467 331 3530 b)
362 3465 452 3532 Quale
472 3465 527 3517 ruit
551 3463 734 3516 nouissimum
762 3461 957 3534 Letsrsueuse.
999 3462 1025 3528 i)
1047 3460 1157 3526 scilieet

245 3538 391 3604 quidplus
410 3543 453 3590 est
470 3537 499 3590 in
517 3549 574 3586 uuo
592 3536 682 3600 eapite
701 3534 801 3599 Papae,
819 3547 903 3600 quem
921 3535 950 3586 tn
970 3538 1029 3586 tota
1047 3533 1158 3586 sceleris

246 3605 358 3657 Christi.
393 3606 428 3672 k)
450 3605 544 3658 Setun.
579 3604 601 3665 t)
620 3603 693 3668 Quid
712 3612 755 3656 est
772 3606 800 3656 iu
816 3607 871 3658 ss?
889 3619 925 3658 ne
943 3603 1071 3660 admittet
1085 3605 1157 3658 iseite

248 3674 411 3737 eonsilium,
442 3676 479 3729 eb
498 3674 650 3740 perieulum
668 3675 874 3730 reformationis
891 3674 1033 3730 santuine.
1074 3681 1113 3737 m)
1130 3673 1157 3726 iu

249 3746 299 3802 est,
316 3756 372 3791 nou
391 3743 595 3796 Silvestreliter.
631 3748 663 3806 n)
684 3745 708 3795 A
726 3741 788 3797 Deo
808 3745 1083 3816 huiusemundisqui
1098 3759 1156 3814 01)ss-

249 3811 370 3859 ”turin
388 3810 450 3863 tiliis
469 3811 645 3868 diffidentiae.
683 3815 717 3880 u)
733 3816 882 3874 Proteum
894 3823 945 3872 est
980 3855 983 3862 .
1044 3837 1047 3845 ·
