2600 4300
380 330 477 398 donus
494 311 557 383 ital.
574 326 695 384 lehuno.
714 315 796 382 Eoril'
807 326 897 380 indie.
1034 321 1096 388 509

177 477 1203 576 ωωωωψωΜωωω’

176 575 218 636 ibi
242 577 316 638 dicit
337 577 375 640 ad
398 577 573 640 seducenda
595 579 691 640 eorda
713 579 904 660 simplicium.

142 669 148 676 ’
175 697 185 704 —
261 660 341 724 Diuo
369 680 461 742 ergo:
492 661 637 724 Mandata
655 661 730 742 Dei,
765 663 868 722 etiam
891 660 1045 722 levissima
1067 666 1097 718 et

178 743 306 805 minime
327 753 398 804 suut
418 744 535 807 homiui
554 744 758 824 impossibilia
779 763 834 825 per
854 763 888 804 se
910 745 1021 824 ipsum,
1042 739 1097 804 sed

178 843 251 887 uum
270 828 371 906 gratia
382 827 438 891 Dei
460 834 531 888 suut
551 827 704 906 insilimus,
726 835 759 888 ut
769 826 938 908 Apostolus
950 828 1005 903 *jz
1025 824 1097 892 Pos-

178 927 248 968 sum
267 911 372 970 omuie
392 910 424 971 in
446 926 495 989 eo,
516 910 568 989 qui
591 929 641 971 me
655 909 823 988 oouiortat3
845 903 896 988 dui
917 907 988 970 alibi
1010 907 1096 968 dioit:

177 991 250 1052 Nou
272 1011 377 1054 sumus
398 992 586 1066 suffioieutes
620 992 735 1072 aliquid
769 994 907 1073 cogitare
932 1012 973 1053 ex
998 989 1097 1065 nobis,

177 1081 326 1153 tanquam
348 1095 389 1136 ex
420 1074 520 1136 uobis.
563 1075 625 1136 Cur
658 1075 753 1136 enims
777 1079 923 1138 oramus:'
947 1072 1117 1134 Voluntas>

177 1165 235 1221 tus
254 1157 318 1236 liat,
338 1161 364 1218 si
386 1166 458 1220 suut
477 1157 637 1238 possibilis
659 1157 769 1220 uobis?
801 1157 897 1220 Reote
930 1175 1003 1236 ergo
1026 1155 1099 1242 dicit

178 1238 385 1321 Hieronymus
407 1235 572 1302 anath'e'ma
593 1259 672 1319 esse,
695 1242 747 1320 qui
769 1239 879 1302 dixerit
896 1237 1098 1320 impossibilia

179 1341 252 1385 esse
272 1323 418 1385 mandata
438 1323 505 1401 Dei,
527 1325 581 1384 sed
603 1343 666 1384 non
691 1324 818 1404 negavit
845 1321 934 1384 nobis
956 1341 1025 1382 esse
1045 1323 1099 1382 im·
1189 1331 1197 1346 “

179 1406 356 1486 possibilie,
389 1406 459 1469 Deo
491 1409 595 1468 omnis
616 1413 688 1469 sunt
708 1405 881 1486 possibilis,
916 1404 1005 1464 nobis
1025 1403 1099 1464 nihil

180 1496 230 1550 est
251 1489 410 1568 possibile.
451 1488 537 1550 Siout
558 1488 631 1551 dioit
652 1488 733 1552 Paul.
757 1488 875 1570 139¹):
909 1487 975 1550 Neu
997 1505 1099 1548 sermo

180 1577 230 1630 est
250 1575 281 1632 in
302 1572 418 1652 lingua,
434 1579 555 1651 -quaulo
568 1574 667 1632 miuus
690 1591 768 1652 opus
791 1578 837 1631 est
858 1572 888 1632 iu
902 1590 993 1632 runnu
1007 1567 1099 1630 mea?

264 1654 353 1716 Hauo
381 1654 616 1716 elucidationem
652 1655 751 1734 potuit
780 1648 891 1714 Eedius
924 1653 1013 1728 dure,
1044 1651 1098 1712 sed

182 1738 296 1816 noluit,
329 1757 368 1798 ue
398 1755 461 1798 nou
496 1736 622 1800 haberet
650 1737 734 1816 quod
756 1737 789 1799 in
810 1755 858 1798 me
890 1729 1100 1822 criminaretur

181 1827 214 1880 et
234 1819 480 1882 calumniaretur.
518 1819 593 1883 Plus
615 1839 685 1884 eum
709 1819 840 1882 deleniat
861 1819 1005 1880 iuvidiam
1027 1817 1099 1881 milri

183 1921 322 1980 morsm,
346 1922 438 1982 quam
459 1904 618 1982 proximos
640 1904 799 1964 veritatem
821 1901 950 1979 dooere,
985 1900 1099 1962 mallet·

183 2005 245 2065 que
266 1985 523 2047 omueslromiues
546 1986 576 2045 in
599 2005 703 2047 errore
718 1987 827 2066 perire,
849 2004 940 2064 quum
964 1983 1098 2044 tabidum

183 2088 271 2142 suam
293 2067 437 2130 iuvidiam
459 2087 520 2131 nou
543 2068 679 2151 explere.
922 2131 924 2140 ,

265 2152 403 2213 Transeo
424 2152 498 2214 illud
511 2152 601 2223 Dent.
612 2155 670 2217 30:
691 2150 761 2214 Nou
785 2160 831 2211 ost
844 2159 926 2213 trans
942 2169 1024 2213 mure
1041 2156 1100 2211 ete.

183 2234 268 2314 quod
289 2242 373 2297 teuta
396 2235 525 2297 inscitia
538 2241 656 2313 tractet,
680 2242 713 2295 ut
732 2235 865 2296 insanire
878 2234 977 2295 verius
999 2232 1100 2293 vides·

183 2326 240 2396 tur,
264 2336 355 2397 quam
377 2317 472 2396 loqui.
499 2316 563 2380 Suo
585 2317 664 2382 bueo
684 2317 824 2397 tempori.

342 2518 550 2578 Articulus
573 2524 742 2597 quartus
765 2516 945 2577 desimus.
1104 2526 1115 2557 ·

268 2644 405 2707 Christus
427 2645 501 2707 nihil
522 2645 580 2706 sibi
601 2647 720 2723 meruit,
741 2646 795 2707 sed
818 2651 933 2706 lautum
957 2642 1055 2708 uobis.

266 2728 315 2789 Ile
336 2728 394 2790 hac
415 2729 627 2809 propositione
655 2730 722 2809 ipse
750 2726 851 2791 sdhun
878 2726 998 2803 dubito,
1031 2728 1103 2805 quia

185 2811 292 2871 omnio
313 2810 531 2890 erentOhristi,
554 2810 592 2871 ab
614 2812 738 2872 instanti
762 2810 859 2892 primo
876 2829 950 2871 suae
972 2826 1103 2889 conserua

184 2894 295 2971 tionis3
329 2894 399 2954 ideo
422 2895 562 2955 meritum
583 2894 633 2954 hio
659 2894 828 2973 aequivoce
849 2894 948 2973 auoipi
970 2899 1100 2973 oportet.

184 2975 245 3037 Sed
269 2994 327 3035 noo
348 2976 424 3054 seio,
446 2996 485 3037 eu
507 2996 641 3056 unquam
663 2976 744 3037 huno
766 2976 912 3056 dixerim3
945 2975 1005 3035 hoe
1027 2975 1102 3053 snio,

184 3058 268 3137 quod
292 3057 438 3137 quidquid
462 3059 693 3121 Christus-lenit
714 3066 745 3119 et
760 3058 899 3139 obtinuit,
922 3057 1010 3119 uobis
1032 3056 1103 3117 feeit

184 3148 215 3225 et
237 3141 378 3218 obtinuit,
400 3142 438 3201 ud
461 3141 647 3221 implendam
671 3142 860 3203 voluntatem
883 3140 996 3219 Patris,
1026 3140 1102 3199 uihil

184 3225 266 3285 euim
289 3224 346 3285 sibi
368 3226 529 3303 quaesivit.
578 3224 619 3285 Et
645 3224 707 3285 hoo
729 3242 836 3301 seusu,
872 3224 898 3285 si
932 3223 970 3285 sb
999 3222 1102 3303 aliquo

184 3325 324 3367 meorum
354 3306 526 3370 auditorum
556 3306 672 3368 dietum
704 3314 766 3385 est,
800 3313 883 3367 reete
910 3305 1103 3383 dictumest,

184 3408 256 3451 uam
286 3388 318 3449 id
346 3408 395 3449 me
423 3391 454 3450 iu
487 3389 636 3470 populum
657 3391 874 3451 ouueioustum
903 3408 973 3451 esse
1003 3396 1103 3449 sertus

185 3476 264 3535 sum.⁷
307 3470 363 3534 un
384 3490 458 3553 ergo
480 3490 604 3536 sensns:
626 3471 764 3535 Christus
782 3470 928 3533 merendo
951 3488 1014 3533 nou
1036 3470 1104 3555 sibi,
1207 3492 1209 3497 ’

261 3741 291 3876 u
652 3773 675 3787 ··
