2600 4300
246 318 308 387 128
509 321 544 378 u.
563 322 641 376 llart.
661 322 772 377 Lutheri
792 321 910 391 epistola
991 336 993 339 ·

245 494 286 555 mi
294 492 450 561 Pontificis
465 500 582 573 putent
601 513 664 555 non
687 493 904 574 disputandum
927 494 981 555 sed
995 491 1162 569 tacendum,

245 586 277 638 et
296 578 410 658 gratias
433 577 603 659 agendum,
632 578 783 657 quianon
806 577 856 637 vel
878 578 999 659 palpet,
1034 574 1163 656 quaeso?

244 660 306 720 Cur
326 680 388 719 non
412 661 504 720 etiam
525 666 629 720 taeent
650 668 681 720 et
701 663 816 740 gratias
839 670 950 741 agunt,
974 666 1005 721 et
1029 678 1100 719 suas
1121 658 1164 717 iri-

245 744 331 804 volas
368 742 593 823 disputationes
626 745 771 803 omittunt
817 743 856 803 ds
879 750 1033 823 potestate
1063 750 1093 803 et
1123 760 1164 800 sa·

244 827 362 907 pientia
384 832 415 886 et
437 826 575 886 bonitate
608 828 695 905 eius,
726 828 776 905 qui
800 826 885 886 dedit
914 828 1005 887 istam
1036 830 1163 905 potesta

245 918 307 970 tem
331 909 512 969 ecclesiae?
557 910 698 988 Denique.
720 908 790 989 quid
815 916 862 969 est
883 916 1036 970 secretum
1063 910 1102 987 ¹),
1119 908 1163 967 vel

245 994 276 1052 in
306 992 358 1051 illa
392 1011 511 1052 summa
533 994 693 1053 maiestate
722 992 771 1053 vel
799 994 1007 1053 sacratissima
1033 992 1163 1051 humani·

245 1084 320 1152 tate,
341 1075 423 1154 quod
445 1094 508 1134 non
530 1095 630 1156 prope
653 1076 686 1147 ²)
711 1077 800 1156 nugis
817 1078 860 1135 ita
882 1077 1164 1151 contaminaverint,

245 1168 278 1218 ut
300 1160 435 1219 omnium
448 1158 526 1219 bene
549 1166 580 1219 et
603 1157 747 1219 affectum
772 1167 801 1218 et
813 1161 1015 1219 reverentiam
1032 1158 1163 1219 cordium

246 1242 425 1302 assiduitate
447 1242 580 1323 nugandi
608 1244 638 1301 in
661 1244 760 1303 Deum
784 1242 997 1302 exstinxerint.
1047 1242 1106 1303 Sed
1129 1240 1163 1301 de

245 1326 306 1385 hoc
327 1324 414 1385 alias.
998 1322 1002 1333 ⁴

327 1407 422 1489 igitur
443 1427 513 1466 cnm
541 1409 571 1467 in
600 1408 681 1467 hanc
703 1408 846 1468 harenam
879 1426 1022 1467 vocarem
1052 1427 1163 1485 omnes,

246 1492 365 1550 veniret
387 1510 460 1550 vero
483 1491 606 1566 nullus,
638 1491 751 1555 deinde
781 1490 915 1550 viderem
936 1491 1162 1570 disputationes

246 1592 330 1634 maus
355 1574 444 1633 latius
467 1577 590 1655 vagari,
624 1592 714 1652 quarn
744 1574 900 1634 volueram
928 1582 1022 1653 atque
1045 1576 1162 1653 passim,

246 1676 308 1718 non
332 1664 363 1715 nt
387 1655 596 1735 disputabilia,
620 1657 673 1716 aed
697 1666 815 1717 asserta
837 1659 1057 1736 acciperentur,
1079 1676 1161 1717 coac-

246 1749 294 1801 tus
318 1757 383 1799 suin
406 1747 528 1819 praeter
549 1759 635 1819 spem
659 1748 689 1799 et
713 1736 816 1801 votum
834 1760 931 1799 meam
956 1740 1113 1799 infantiam
1133 1750 1161 1798 et

244 1823 451 1903 ignorantium
474 1824 504 1881 in
527 1822 636 1903 vulgus
660 1825 799 1901 mittere,
833 1830 864 1883 et
885 1824 1108 1883 declarationes
1129 1842 1160 1881 ac

247 1906 444 1987 probationes
467 1925 571 1965 earum
594 1908 623 1965 in
646 1906 800 1986 publicum
824 1906 931 1982 edere,
967 1907 1061 1966 satius
1083 1913 1159 1965 ratus

248 2008 297 2048 me
318 1989 429 2065 faeere,
453 1990 478 2047 si
498 1990 671 2068 imperitiae
694 2009 781 2050 meae
803 1990 958 2049 inlamiarn
972 1991 1159 2065 incurrerem,

248 2090 339 2152 quam
361 2071 431 2131 illos
454 2090 555 2132 errare
577 2073 726 2152 sinerem,
756 2074 806 2152 qui
836 2074 914 2137 forte
937 2080 1045 2153 putant
1066 2072 1161 2133 omnia

249 2176 318 2217 esse
345 2164 472 2215 asserta.
515 2157 597 2216 luter
630 2176 708 2236 qnae
736 2165 821 2233 suut,
850 2157 887 2216 de
914 2156 1024 2236 quibus
1055 2155 1160 2232 dubito,

248 2237 397 2310 nonnulla
418 2239 544 2318 ignoro,
575 2239 679 2318 aliqua
701 2248 731 2299 et
753 2259 852 2320 nego,
877 2239 961 2300 nulla
984 2259 1056 2300 vero
1079 2239 1158 2318 perti-

249 2323 366 2382 naciter
388 2324 511 2396 assero(
526 2320 579 2380 sed
604 2325 708 2382 omnia
730 2324 883 2383 eeclesiae
905 2331 1031 2383 sanotae
1053 2339 1159 2400 suoque

247 2404 361 2466 iudicio
385 2404 540 2466 submitto.
628 2434 632 2444 ·

332 2487 408 2546 Cum
432 2506 505 2546 vero
529 2496 570 2568 tu,
595 2489 711 2568 optime
733 2489 868 2565 Praesul,
892 2487 980 2548 nobis
1005 2507 1059 2568 per
1081 2490 1156 2546 mise-

248 2570 412 2631 ricordiam
446 2570 556 2630 Christi
589 2569 678 2631 datus
712 2574 752 2632 sis
786 2571 882 2631 huius'
910 2571 969 2630 loci
1000 2571 1157 2630 ordinarius

251 2657 303 2731 (ut
323 2660 466 2730 vocant),
488 2655 539 2732 qui
561 2654 684 2731 quidem
698 2655 797 2715 bonos
812 2654 990 2728 eteruditos
1004 2673 1063 2714 non
1076 2653 1156 2713 modo

249 2737 351 2817 diligis
377 2733 412 2818 θ)
437 2735 578 2811 mirifice,
607 2738 689 2817 qnod
719 2740 748 2797 in
772 2737 873 2797 multis
902 2738 987 2798 multi
1010 2737 1155 2817 plurimum

251 2819 441 2902 praedicant,
464 2839 567 2878 verum
591 2840 647 2900 pro
672 2828 723 2880 tua
745 2821 891 2902 singulari
914 2821 1111 2892 humanitate,
1132 2829 1156 2877 et

211 2981 214 2985 ¹
248 2903 419 2962 humilitate
453 2921 551 2981 prope
584 2923 682 2982 usqne
712 2903 749 2963 ad
780 2903 947 2984 periculum
986 2901 1154 2983 pontificalis

250 2985 406 3066 dignitatis
428 2987 519 3046 etiarn
542 2988 697 3046 veneraris
719 2993 750 3047 et
772 2987 848 3047 colis
872 2989 1024 3056 (facessat
1043 2985 1073 3065 ⁴)
1095 2985 1153 3044 adu-

250 3070 334 3147 latio,
356 3087 418 3128 non
440 3076 481 3141 te,
504 3068 557 3128 sed
576 3069 689 3130 Christi
711 3069 793 3130 dona
816 3071 845 3128 in
870 3079 899 3129 te
922 3069 1100 3150 praedicat:
1121 3069 1153 3127 iu-

250 3153 415 3212 stissimum
437 3151 502 3227 luit,
525 3159 558 3212 ut
579 3151 632 3212 tibi
657 3150 713 3236 (ad
737 3170 826 3232 quem
844 3154 978 3232 pertinet
999 3152 1084 3212 huius
1106 3151 1153 3209 loci

250 3235 351 3296 studia
367 3235 518 3314 inspicere
541 3243 572 3294 et
592 3235 745 3316 iudicare)
764 3237 953 3316 potissimum
978 3235 1112 3296 offerrem
1130 3239 1154 3292 et

250 3318 379 3399 pedibus
402 3318 460 3376 tuis
482 3318 611 3396 primum
636 3319 832 3396 subiicerem,
855 3317 998 3398 quicquid
1021 3317 1049 3377 id
1072 3317 1153 3390 iuuit,

251 3401 333 3480 quod
357 3420 478 3482 operor.

331 3483 438 3560 ltaque
467 3482 615 3564 digneris,
646 3483 884 3544 clementissime
912 3483 1054 3566 Praesul,
1075 3481 1152 3541 susci·

205 3799 210 3805 ‚
326 3743 357 3805 1)
379 3745 407 3794 lu
427 3746 470 3799 ed.
490 3748 549 3799 Jen.
570 3757 597 3800 et
615 3747 649 3799 de
668 3751 767 3801 Wettc:
787 3756 843 3801 tam
863 3758 1008 3803 secretum.
1029 3751 1057 3812 2)
1077 3751 1101 3800 ln
1117 3747 1149 3799 sd.

253 3811 330 3862 Jen.:
344 3827 399 3862 uon
418 3819 499 3868 meris
512 3834 607 3885 prope.
629 3820 656 3882 3)
667 3820 753 3872 ibid:
773 3819 881 3888 diligas.
903 3821 930 3886 l)
941 3822 1026 3875 Ibid.:
1045 3823 1147 3874 facesset.
