2600 4300
406 327 562 383 aaran
578 326 821 398 nonaum
1005 320 1066 388 Μ

158 503 185 557 ct
202 496 444 560 sacramentalis.
487 496 565 559 Nam
587 494 627 555 de
654 494 861 559 satisfactione
888 494 1070 631 evangelica

158 578 223 639 nihil
244 580 283 640 nd
307 580 482 655 ecclesiam,
504 588 661 658 utsupra.

233 661 325 737 Quod
348 664 374 723 si
395 665 464 743 quis
484 663 556 723 milii
579 660 695 737 obstet,
727 680 839 741 papam
861 678 924 722 uon
945 676 1068 741 negare,

157 746 242 805 ctiam
267 746 346 807 alias
368 765 487 825 poenae
509 746 657 819 enervari,
674 744 734 819 ead
757 743 888 805 affirmat
910 744 1069 823 duntaxat,

157 847 210 889 nec
228 830 389 889 exclusive
401 828 544 909 loquitur,
566 790 677 906 dum1)¹
702 826 790 887 dicit:
812 825 985 889 Satisfaotio
997 844 1070 907 poe·

157 906 316 972 nitentiatis
339 921 517 989 enervatur,
539 910 729 990 respondeo:
768 908 868 971 Probo
889 929 965 991 ergo
985 908 1069 989 qnod

157 1002 184 1052 et
202 995 280 1054 alias
301 994 436 1073 relaxat,
463 1002 494 1055 et
521 1012 582 1055 non
610 994 768 1054 exclusive
801 992 960 1072 loquatur,
987 991 1070 1072 quod

156 1098 220 1137 cum
240 1098 305 1139 non
329 1078 448 1154 feceris,
471 1096 530 1157 ego
552 1075 650 1157 probo
669 1074 751 1155 quod
770 1076 925 1136 exclusive
939 1077 1071 1156 loquitur

156 1179 264 1239 perc:
289 1161 366 1221 Cum
389 1180 429 1221 ex
452 1180 499 1237 eo,
518 1169 677 1240 utsupra,
700 1157 749 1219 ubi
773 1158 854 1236 dicit,
877 1159 959 1238 quod
981 1176 1072 1239 quae·

156 1250 250 1303 stores
279 1244 544 1324 eleemosynarum
578 1248 699 1322 practer
726 1241 771 1319 id,
806 1241 888 1321 qnod
916 1244 947 1303 in
979 1242 1072 1303 literis

157 1346 258 1386 eorum
283 1328 473 1405 continetur,
497 1325 568 1386 nihil
590 1326 804 1405 permittantur
824 1342 998 1406 proponere
1019 1344 1072 1405 po·

157 1409 234 1489 pulo.
265 1409 328 1470 Sed
349 1409 422 1469 nihil
445 1410 617 1470 continetur
638 1410 669 1467 iu
694 1408 760 1467 ullis
784 1408 876 1468 literis
894 1408 1071 1488 apostolicis

157 1498 275 1571 praeter
292 1493 489 1553 remissiones
502 1492 719 1552 satisfactionis
731 1491 971 1572 sacramentalis,
994 1493 1073 1552 siout

156 1577 283 1654 ipsemet
306 1575 380 1635 dicit
399 1594 496 1654 papa:
538 1574 713 1635 Satisfactio
741 1574 967 1653 poenitentialis
990 1576 1079 1635 oneri

158 1665 240 1718 vatur
261 1679 317 1739 per
338 1658 544 1737 indulgentias
564 1656 745 1717 indiscretas
768 1666 798 1717 et
809 1655 989 1737 superfluas,
1011 1658 1074 1719 imo

101 1778 102 1781 =
158 1741 215 1800 hoc
232 1741 330 1802 verbo
351 1740 453 1800 adhuc
473 1740 598 1821 rigidius
620 1758 703 1819 papa
728 1740 933 1820 indulgentias
954 1742 1073 1800 restrin-

160 1825 212 1903 git,
242 1825 316 1903 quia
335 1825 362 1883 si
382 1823 556 1903 superfluae
576 1822 785 1903 indulgentiae
805 1824 904 1883 solum
927 1830 1074 1885 enervent

159 1907 393 1967 satisfactionem
415 1905 680 1983 sacramentalem,
703 1924 777 1986 argo
800 1905 958 1968 modestae
981 1914 1011 1967 at
1033 1906 1072 1966 le·

160 1991 279 2069 gitimae
314 2008 374 2049 uec
410 1990 518 2085 ipsam·
546 1989 785 2049 satisfactionem
824 1989 1071 2069 poenitentialem

161 2080 317 2150 enervant,
351 2072 448 2131 multo
480 2073 579 2131 minus
601 2079 719 2131 ceteras
744 2071 819 2132 ullae
840 2090 968 2153 poenas.
1012 2071 1072 2132 Sed

161 2156 233 2216 haec
252 2163 324 2216 sunt
346 2174 408 2216 non
438 2156 497 2214 mei
523 2155 581 2216 fori
613 2164 666 2216 ont
696 2156 909 2236 professionis,
944 2155 1074 2268 viderint

163 2240 349 2301 canonistas.

460 2433 675 2495 Conclusio
698 2433 775 2495 xxi.

241 2562 352 2624 Enant
373 2563 476 2642 itaque
496 2561 753 2641 indulgentiarum
776 2565 977 2626 commissarii
999 2562 1075 2642 ii2),

165 2646 211 2721 qui
237 2645 357 2722 dicunt,
393 2665 447 2725 per
478 2663 579 2724 papae
611 2645 817 2724 indulgentias
848 2646 1002 2708 hominem
1036 2645 1075 2708 ab

166 2729 240 2786 omui
262 2747 366 2807 poena
387 2727 465 2788 solvi
487 2735 518 2788 et
539 2727 661 2792 salvari.

343 2809 432 2870 Hanc
453 2811 578 2870 omnino
602 2829 707 2870 assero
730 2817 760 2870 et
781 2810 888 2890 probo.

100 2958 101 2975 ,
243 2892 322 2967 Quia
349 2893 458 2954 saltem
486 2892 664 2972 relinquitur
697 2911 798 2971 poena
820 2895 926 2972 tertia,
959 2893 989 2953 id
1018 2899 1074 2970 est,

169 2974 348 3055 evangelica,
369 2977 432 3035 imo
455 2984 484 3036 el
507 2976 628 3070 quinta,
652 2983 725 3055 puta
748 2994 830 3036 mora
852 2985 882 3036 et
905 2975 1075 3057 aegritudo,

100 3084 101 3137 j
168 3065 196 3116 et
212 3058 241 3117 in
262 3057 365 3118 multis
387 3057 440 3119 ills
461 3059 596 3118 omnium
613 3059 938 3138 maximapoenarum,
961 3059 1077 3120 scilicet

100 3146 101 3149 ’
168 3139 266 3200 horror
289 3141 411 3215 mortis,
432 3149 546 3200 tremor
567 3141 790 3216 conscientiae,
814 3141 972 3203 infirmitas
994 3141 1074 3220 fidei,

100 3212 101 3278 l
171 3222 393 3300 pusillanimitas
416 3224 548 3302 spiritns,
570 3241 647 3301 quas
668 3241 785 3302 poenas
807 3226 831 3285 si
854 3243 1015 3306 comparas
1036 3221 1076 3285 od

100 3314 101 3347 ῑ
171 3307 303 3366 remissas
324 3325 380 3385 per
400 3305 621 3385 indulgentias,
643 3307 722 3366 sicut
743 3308 767 3367 si
791 3327 945 3368 romaum
970 3307 1077 3367 umbra

100 3406 101 3459 l
174 3406 332 3467 compares,
356 3389 413 3451 erit
433 3389 634 3469 comparatio
667 3388 726 3450 Sed
749 3409 848 3470 neque
870 3409 955 3451 niens
977 3407 1078 3470 papae

100 3462 101 3487 ’
174 3478 230 3546 est,
259 3477 375 3532 uttam
396 3471 505 3532 frivola
527 3472 586 3532 et'
579 3491 703 3551 impune
725 3472 911 3551 fabulentur,
941 3481 975 3532 ut
994 3479 1078 3552 patet

100 3584 101 3641 ,
175 3572 217 3614 ea.
237 3572 275 3613 c:
320 3553 397 3614 Gum
417 3573 457 3614 ex
479 3573 527 3616 eo.

247 3635 374 3711 Quodsi
395 3636 545 3698 dixerint:
566 3637 632 3698 Nec
653 3656 710 3698 nos
734 3637 862 3700 dicimus
883 3637 938 3698 has
960 3655 1077 3718 poenas

239 3826 265 3889 t)
285 3825 316 3877 lu
331 3823 375 3879 cd.
394 3824 467 3877 len:
487 3839 558 3876 cum.
596 3821 627 3887 2)
647 3816 731 3871 thid:
751 3817 787 3869 ht.
