2600 4300
239 297 306 367 -152
494 301 691 359 Musones
709 302 817 373 Disput-
837 301 914 357 suth.
951 394 953 397 γ
1001 328 1002 336 1

239 472 396 548 emate,
418 477 450 533 et
469 490 550 553 quoe
571 478 644 533 suut
664 472 737 549 Dei,
758 473 839 535 Deo.
879 472 920 535 m
941 454 1038 534 orion
1059 470 1161 533 Domi·

243 556 330 617 nioa:
361 555 488 617 Dimitte
509 554 600 617 nobis
622 554 726 617 debita
746 562 862 634 nostra,
884 557 964 616 sieut
984 560 1015 615 et
1042 573 1101 615 nos
1122 553 1163 613 di·

245 638 392 699 mittimus
421 637 608 699 debitoribus
641 640 766 699 nostris.
813 638 848 699 In
882 638 991 718 quibus
1024 635 1163 699 omnibus

244 721 371 782 omnino
400 723 484 801 prior
503 721 643 781 remissio
672 723 704 781 in
733 728 813 783 terra
841 720 1045 803 signffinatnr,
1074 740 1162 801 quam

244 823 295 881 esp
315 823 394 882 quae
416 810 464 864 est
483 805 515 863 in
538 803 643 865 anelis.
675 805 784 866 Merito
807 807 977 885 quaeritur:
1000 802 1164 878 Quomodo

244 894 317 949 ante
337 888 467 967 gratiam
484 886 615 947 infusam
640 887 761 966 (idest,
778 894 849 949 ante
861 888 1077 949 remissionem
1088 884 1161 964 Dei)

243 970 322 1031 haeo
342 968 408 1033 fieri
428 969 569 1050 possint?
602 989 671 1030 oum
701 972 768 1033 sine
795 972 895 1051 gratis
913 970 972 1031 Dei
1000 971 1100 1049 primo
1122 988 1164 1029 re-

247 1054 390 1113 mittente
411 1052 532 1133 eulpam
553 1071 614 1113 neo
632 1058 739 1113 votum
762 1054 950 1115 remissionis
970 1050 1164 1131 quaerendae

249 1135 366 1198 habere
385 1136 485 1215 possit
504 1135 608 1195 homo.

327 1218 386 1279 Hie
411 1220 455 1279 its
484 1216 554 1279 (lieo
582 1226 615 1279 et
645 1220 743 1299 sapio.
788 1218 920 1294 Quando
942 1215 1030 1281 Deus
1062 1217 1165 1296 inoipit

246 1302 403 1362 hominem
426 1298 612 1378 iustificare,
642 1303 725 1381 prius
760 1320 829 1362 sum
852 1301 993 1377 damnat,
1023 1305 1057 1361 et
1077 1317 1164 1379 quem

244 1383 311 1445 vult
330 1382 502 1480 sepilioare,
523 1382 661 1461 destruit,
682 1403 772 1462 quem
795 1383 861 1445 vult
879 1404 998 1461 sanare,
1021 1383 1162 1463 pereutit

266 1485 334 1529 uem
356 1464 520 1543 vivificare,
533 1465 653 1527 oooidit.
676 1465 784 1531 Sicuti
803 1466 952 1545 Samffl)
971 1474 1003 1527 et
1018 1466 1113 1527 Dent
1128 1466 1162 1529 32

244 1485 332 1611 aicit:
374 1548 443 1629 Ego
465 1547 605 1609 ooeidam
632 1556 665 1609 et
684 1548 847 1611 vivificabo
871 1555 929 1611 eto.
970 1548 1042 1609 Hoo
1064 1560 1161 1609 autem

244 1632 338 1709 tanis,
360 1630 483 1711 quando
505 1631 660 1693 hominem
684 1634 829 1712 eonterit,
852 1643 883 1693 et
902 1634 934 1693 iu
957 1632 1003 1691 sni
1027 1650 1161 1691 suorum-

247 1733 307 1794 que
330 1721 533 1793 poeoniorum.
549 1716 758 1795 cognitionem
780 1716 920 1787 humiliet
934 1734 972 1775 eo
986 1714 1162 1782 tremefacit,

247 1803 282 1857 ut
302 1794 386 1857 dieat
405 1797 497 1857 miser
523 1804 670 1877 pensator
683 1796 736 1881 *):
779 1798 849 1860 Nou
877 1806 924 1859 est
954 1817 1017 1878 pax
1047 1795 1162 1859 ossibus

248 1880 326 1941 meis
346 1897 367 1939 a
386 1878 466 1939 faeie
485 1888 682 1959 pennatorum
696 1884 860 1958 'mem-um,
886 1900 948 1942 non
979 1887 1027 1941 est
1053 1879 1162 1941 sanitas

247 1965 279 2023 in
303 1979 394 2023 earne
415 1981 486 2023 mea
506 1982 526 2021 a
547 1964 627 2023 faeie
647 1964 712 2024 irae
734 1970 811 2025 tuae.
856 1962 907 2025 Sio
938 1964 1025 2026 enim,
1049 1968 1164 2023 montes

247 2043 346 2107 fluunt
371 2063 390 2105 a
415 2046 494 2105 faeie
513 2045 656 2123 Domini,
690 2046 733 2107 sio
755 2046 847 2108 mittit
868 2048 995 2127 sagittus
1017 2063 1107 2123 suas,
1137 2050 1163 2103 et

249 2126 503 2205 conturbasse,
526 2129 564 2190 ab
585 2129 797 2210 increpatione
819 2136 880 2204 tua,
901 2128 1054 2205 Domine,
1077 2126 1160 2188 stab

246 2212 448 2293 inspiratione
475 2212 597 2291 spiritus
628 2213 693 2274 irae
730 2219 808 2274 tuae.
860 2211 911 2274 Sin
947 2217 1160 2274 convertuntur

249 2301 432 2375 peeoatorea
452 2295 482 2354 in
504 2295 670 2372 infernum,
703 2303 735 2356 et
760 2296 924 2378 implentur
944 2296 1040 2356 iaoies
1063 2312 1158 2356 eorum

249 2378 429 2458 ignominia.
471 2375 570 2451 Quam
590 2377 855 2440 conturbationem
877 2386 918 2439 set
938 2377 1159 2459 quassationem

251 2460 375 2540 saepius
419 2468 563 2540 expertus
600 2460 700 2522 David
741 2462 842 2522 multis
875 2481 942 2522 eam
975 2462 1007 2520 in
1041 2457 1159 2520 diversis

248 2542 378 2603 Psalmis
401 2542 563 2604 confitetur
583 2543 757 2625 gemitibus.

332 2624 367 2687 ln
390 2626 450 2686 ista
471 2635 571 2686 sutem
595 2625 828 2690 conturbatione
840 2627 956 2707 ‘incipit
976 2625 1076 2702 selus,
1097 2622 1158 2702 quia

250 2707 368 2767 initium
392 2709 560 2790 sapientiae
582 2709 674 2770 timor
694 2709 846 2791 Domini„
863 2709 921 2770 Hie
942 2709 1092 2770 Dominus
1114 2708 1158 2781 (ut

251 2790 294 2850 ait
308 2788 495 2873 Nahum**)
519 2791 670 2852 mundans
692 2795 844 2854 neminem
867 2791 939 2852 iacit
960 2792 1154 2864 innocentem,

250 2878 282 2934 et
302 2873 333 2932 in
356 2880 538 2953 tempestate
568 2881 599 2935 et
626 2875 746 2936 turbine
775 2877 946 2952 visseins,
977 2881 1008 2934 et
1036 2869 1155 2933 nebulae

249 2954 349 3034 pulvis
376 2956 490 3036 pedum
511 2957 594 3036 eius,
615 2957 666 3018 hio
687 2957 821 3020 alluoent
840 2957 959 3038 fulgura
980 2955 1062 3032 eius,
1083 2953 1154 3012 videt

249 3044 280 3098 et
315 3047 455 3099 movetur
480 3047 568 3100 terra.
611 3039 670 3100 Hio
698 3042 826 3122 sagittae
858 3041 922 3101 eius
950 3043 1105 3100 transeunt
1128 3039 1153 3094 et

249 3118 426 3202 infiguntur,
448 3127 479 3182 et
500 3141 562 3182 vox
583 3123 709 3197 tonitrui
731 3125 795 3186 eius
817 3123 962 3198 volvitur,
984 3119 1016 3182 id
1039 3126 1093 3198 est,
1112 3135 1150 3178 ro-

248 3208 346 3280 tatur,
367 3201 473 3264 vident
493 3222 591 3283 aquee
614 3213 645 3266 et
667 3205 782 3268 timent.
825 3207 882 3268 Hie
903 3205 1034 3284 denique
1058 3219 1149 3284 opera·

246 3292 296 3346 tur
322 3304 399 3366 opus
428 3285 560 3346 alienum
584 3287 685 3368 Deus,
718 3295 751 3350 ut
783 3296 925 3370 operetur
956 3306 1033 3368 opus
1066 3302 1149 3348 suum.

247 3367 334 3430 Haeo
354 3374 402 3429 est
423 3388 497 3428 vera
520 3371 663 3432 contritio
687 3371 803 3451 cordis,
834 3380 865 3432 et
885 3369 1055 3432 humiliatio
1078 3366 1146 3447 spiri-

152 3469 155 3481 ·
248 3457 297 3512 tus
318 3452 522 3532 gratissimum
544 3452 612 3513 Deo
633 3451 825 3517 sacrificium.
866 3453 925 3516 llio
951 3461 999 3514 est
1031 3455 1147 3512 mactato

320 3710 354 3846 {i
371 3713 464 3838 lffig
479 3719 737 3856 &affinitatum
758 3791 783 3846 1.
