2600 4300
397 346 433 400 de
449 341 554 401 tirtrite
566 337 812 439 'riduigeutiarnmz
851 406 857 420 ,
1003 337 1065 413 179

144 512 235 597 gebo,
267 516 385 591 dobunt
405 526 522 600 poenae
543 502 717 580 in'rnteritu
751 524 908 597 aeternas,
936 530 955 579 o
985 518 1065 581 trote

144 601 274 677 Domini,
292 609 328 661 et
349 621 369 661 a
390 602 488 682 gioria
509 603 628 662 virtutis
650 604 724 666 eius.
756 602 836 678 Quia
857 600 974 661 seibeet
995 602 1064 665 solo

144 684 222 744 voitu
245 684 365 744 rimatis
387 704 462 746 suae
485 692 606 765 torquet
623 702 688 763 eos,
704 693 735 746 et
747 687 861 746 eruoiot
878 684 971 761 Deus,
994 703 1066 746 oum

144 768 178 826 sit
200 767 244 826 eis
265 768 517 847 insustentabilis,
539 769 609 828 ideo
631 768 748 849 fugient
770 777 800 829 et
822 776 883 829 noo'
906 766 1062 848 effugient,

144 849 194 910 sed
224 849 493 930 deprehendentur
518 852 597 911 inter
619 854 794 932 angustias.
844 851 895 913 sio
914 850 988 911 iiiud
1011 851 1062 913 Su-

143 934 231 1013 pient.
264 932 342 1006 6¹5:
386 934 457 995 dito
485 934 645 1015 apparebit
680 935 767 996 vobis
804 932 964 995 horrende.
1024 934 1063 995 [it

143 1016 217 1077 Psal.
240 1018 292 1079 21.
303 1016 362 1095 ¹):
404 1018 505 1078 Pones
527 1019 581 1079 eds
603 1024 637 1077 ot
658 1017 812 1079 olibanum
835 1019 914 1097 ignis
936 1018 966 1075 iu
990 1025 1062 1077 teur-

142 1107 213 1179 pore
240 1099 345 1161 vuitus
368 1101 419 1162 tui.
457 1100 600 1181 Alioquin
629 1100 711 1163 unde
738 1100 790 1161 iiia
825 1098 948 1176 vox⁸):
979 1100 1063 1161 bion·

142 1191 183 1241 teo
204 1182 308 1242 erudite
330 1195 422 1264 super
444 1200 511 1260 nos,
533 1191 564 1245 et
585 1183 680 1244 eolles
703 1183 820 1263 operite
833 1202 900 1244 nos.
933 1182 972 1242 nt
988 1182 1065 1243 iiiud'

141 1265 207 1325 Eas.
231 1266 268 1327 2:
299 1265 462 1345 Ingredere
483 1273 618 1347 petram,
650 1274 680 1327 et
702 1266 893 1327 abscondere
920 1266 951 1325 in
978 1266 1062 1327 fosse

143 1348 248 1425 humo,
271 1368 293 1408 a
313 1348 393 1408 faeie
414 1349 524 1410 furoris
547 1350 686 1426 Domini,
716 1357 747 1410 et
774 1348 872 1429 gloria
894 1350 1061 1409 maiestatis

141 1432 210 1491 eius.
244 1431 287 1491 Et
298 1431 373 1491 iilud
386 1431 540 1510 Job.**):
569 1431 645 1508 Quis
664 1432 736 1493 mihi
751 1432 871 1509 tribuet,
886 1430 1060 1493 utiuierno

141 1522 285 1593 protegas
309 1524 357 1574 'me
398 1521 427 1575 et
449 1516 622 1575 abscondas
645 1532 722 1589 me,
740 1515 839 1577 donee
861 1521 996 1575 transeat
1018 1514 1032 1575 f
1051 1550 1061 1560 ·

104 1682 106 1685 y
142 1613 187 1657 ror
208 1596 306 1656 tuus?
349 1561 436 1657 daret
456 1599 570 1677 itaque,
593 1598 676 1679 quod
700 1599 807 1659 siaoie
821 1598 945 1657 Domini
967 1598 1063 1659 oritur

141 1697 242 1739 eorum
266 1682 403 1741 maxima
423 1698 541 1761 poene,
571 1682 641 1741 duro
665 1680 889 1742 confunduntur
911 1700 930 1740 a
950 1679 1060 1741 ibedis⁴

141 1766 211 1823 sime
224 1772 283 1823 soe
300 1763 497 1825 immundicia
510 1764 549 1824 ad
562 1770 679 1824 tantem
691 1766 854 1844 puritatem
871 1772 1058 1843 eomparete.

217 1845 334 1922 Tertio,
356 1856 386 1906 et
407 1848 538 1907 eoeiesia
559 1848 590 1906 in
612 1860 746 1928 persona
768 1848 935 1907 animarum
958 1846 1060 1925 pastiit

142 1935 169 1989 et
196 1930 294 2009 gemit
325 1928 406 1992 Psoi.
429 1932 467 1992 6:
507 1929 697 1991 conturbato
724 1936 795 1991 sunt
823 1942 896 1990 ossa
918 1944 1000 2008 mea,
1027 1935 1060 1989 et

142 2014 239 2072 anima
261 2020 332 2072 ines
353 2012 474 2072 turbata
495 2020 541 2073 est
563 2012 664 2089 vaide,
686 2020 715 2073 et
737 2012 816 2073 Psoi.
840 2012 957 2089 risu:
997 2012 1059 2073 Gir·

144 2094 360 2156 condederunt
382 2113 431 2158 me
453 2095 578 2158 dolores
598 2097 722 2175 mortis,
745 2103 775 2156 et
796 2094 931 2176 perieula
952 2094 1067 2155 inieroi

143 2182 320 2239 invenerunt
342 2196 400 2239 me.
444 2179 532 2240 Unde
553 2187 584 2239 et
605 2181 802 2240 usitatissimo
824 2180 922 2239 aretio
945 2186 1005 2255 eet,
1020 2187 1061 2238 ut

143 2264 181 2322 eis
201 2263 339 2342 requiem
363 2269 513 2342 optemus,
536 2263 641 2342 utique
656 2262 869 2342 intelligentes,
892 2261 974 2341 qood
990 2267 1061 2321 sunt

143 2346 298 2424 inquietae.
340 2347 381 2405 At
401 2363 522 2425 poenae
544 2363 606 2406 uon
627 2346 742 2406 iaciunt
755 2343 1004 2423 inquietudinem,
1028 2351 1061 2404 ut

145 2434 221 2507 patet
241 2428 476 2508 inmartyribus
499 2437 530 2488 et
542 2427 755 2488 constantibus
777 2429 858 2506 viris,
879 2424 934 2487 sed
952 2427 1061 2487 horror

146 2511 263 2591 etinga
283 2527 469 2590 poenarum,
501 2529 581 2590 quae
614 2512 710 2571 oritur
727 2523 769 2570 ex
791 2510 965 2571 infirmitate
986 2509 1065 2570 riou-=

147 2595 204 2654 oioe
230 2596 264 2654 in
286 2594 395 2655 Deum.
445 2595 530 2655 Siout
551 2593 646 2654 eredit
662 2594 879 2672 unusquisque,
901 2594 946 2653 sio
966 2591 1001 2652 tit
1020 2594 1065 2670 ei,

148 2683 172 2736 et
191 2679 267 2737 taies
290 2683 361 2736 sunt
383 2679 411 2738 ei
434 2694 554 2758 poenae
575 2687 605 2737 et
635 2678 756 2754 omnia,
800 2676 897 2755 quaiis
914 2676 1010 2736 'fuerit
1031 2681 1062 2735 et

148 2761 212 2837 ipse.
254 2759 330 2819 Inde
352 2778 414 2820 noo
436 2759 598 2820 conturbet
618 2761 741 2832 iustum,
763 2758 1062 2838 quioquidaeeiderit

149 2844 170 2900 ei
190 2842 476 2923 (aitSapien.”*).
499 2844 628 2903 Rursum
641 2843 752 2922 impios
770 2848 862 2902 terret
877 2841 973 2922 (Levi.
990 2843 1058 2918 26.)

150 2927 257 2985 sonitus
279 2926 342 2985 ioiii
365 2927 506 2986 volantis.
549 2926 589 2985 Et
609 2925 668 2986 isa.
683 2929 741 2990 bi:
774 2925 861 3004 impii
878 2926 966 3003 quasi
978 2940 1065 2984 mare

151 3008 273 3086 fervens,
306 3009 389 3087 quod
418 3010 575 3088 quiescere
602 3028 665 3068 uon
688 3014 804 3087 potest,
839 3013 870 3066 et
890 3007 1062 3068 tedenderit

152 3089 249 3150 boetus
271 3092 338 3151 eius
361 3093 390 3168 iu
414 3091 678 3152 eoneoloetionem
699 3098 730 3150 et
752 3091 874 3151 ineturm
918 3090 986 3149 Non
1015 3097 1061 3148 est

153 3193 205 3251 pax
223 3175 335 3254 impiis,
356 3173 430 3234 dieit
451 3175 601 3236 Dominus
618 3174 715 3236 'Deus

210 3256 350 3334 enarro,
363 3259 500 3318 viventes
522 3258 615 3336 aliqui
637 3275 691 3317 ees
713 3273 830 3336 poenos
852 3260 1061 3335 gustaverunt,

154 3339 258 3399 soiiioet
277 3341 398 3421 interni,
422 3356 497 3421 ergo
509 3341 604 3400 mutto
618 3341 716 3419 magis
732 3339 859 3400 mortuis
876 3334 1061 3396 eredendum

155 3427 210 3502 est,
237 3439 289 3482 eas
311 3423 413 3502 inferri
433 3424 464 3483 in
485 3425 674 3503 purgatorio.
727 3422 851 3499 dame)
881 3417 980 3479 David
1010 3433 1063 3478 ex·

156 3589 575 3613 -ι-ι-ιι-ι-ιιῃ-ιιιι-ι-
680 3605 681 3610 ,

202 3695 230 3757 1)
247 3695 312 3749 ibid.
332 3695 421 3749 deest:
440 3693 467 3748 6.
513 3695 546 3760 2)
567 3695 691 3748 ibidem:
710 3693 753 3748 20.
805 3690 837 3758 3)
858 3688 980 3745 Ibidem:
1003 3688 1062 3744 114.

161 3767 378 3899 galiffa-giba..
399 3765 460 3900 ζ’)
479 3767 547 3878 iob.¹
562 3766 618 3899 143·
636 3764 795 3896 “*pi’rpn
809 3762 850 3815 12.
879 3757 912 3883 †i
931 3759 1009 3894 11111111ι
1018 3759 1061 3814 94.

780 3931 852 3998 12·
