2600 4300
244 325 287 396 76
496 331 612 404 Replica
628 331 657 388 F.
675 333 743 388 silv.
764 287 902 412 l’rleristis

212 563 218 571 ,
246 499 286 563 ab
305 499 364 579 hie,
387 501 439 582 qui
461 502 584 563 suntin
606 501 783 584 Germania,
804 503 901 582 meis,
923 501 980 566 scd
1001 503 1060 563 hac
1079 503 1154 564 inre

245 583 325 645 haud
335 582 388 646 tibi
402 583 592 664 crediderim,
604 587 717 668 quippe
727 587 870 668 quiputo,
881 586 963 668 quod
976 587 1055 649 alios
1068 605 1156 666 aeque

245 674 279 728 ut
301 687 350 728 me
370 667 448 729 false
460 670 547 748 cites,
569 676 602 729 et
622 671 829 750 sicutnostra,
850 671 894 732 ila
915 669 1061 731 etalieua
1073 689 1156 750 prave

246 750 412 833 intelligas,
434 752 500 812 sive
520 752 693 833 ingenium,
716 754 783 813 sive
805 751 947 813 affectum
970 753 1076 814 eiusce
1098 771 1157 812 cau·

245 853 310 900 eam
329 835 478 932 putarim,
508 840 540 895 et
572 854 652 916 quae
678 843 709 896 te
738 843 821 898 recte
850 836 1025 918 intelligere
1047 833 1158 896 infitiari

245 936 364 997 nequrs,
384 917 416 977 iu
440 917 596 998 obliquum
619 917 793 998 detorques.
958 935 960 942 ⁴

327 999 368 1060 nt
395 1020 434 1061 ne
457 1021 507 1061 me
528 999 568 1061 ad
589 1020 678 1062 auras
699 1002 784 1082 loqui
805 1008 915 1082 putes,
946 999 1033 1062 verbi
1066 1020 1159 1080 causa,

221 1090 339 1144 'uuum
359 1081 473 1164 aliquid
495 1084 526 1143 iu
555 1083 689 1145 medium
712 1084 870 1148 deducam.
913 1085 1074 1158 Revolve,
1102 1105 1160 1162 oro,

245 1165 419 1248 diligentius
442 1167 467 1227 si
488 1166 573 1228 lubet
593 1167 688 1228 verba
705 1185 783 1246 mea,
806 1175 837 1228 et
857 1167 1021 1249 diligenter
1034 1166 1160 1247 adverte,

244 1269 284 1310 au
307 1269 347 1310 ex
367 1248 414 1309 his
435 1249 540 1310 haberi
563 1251 681 1330 possit,
712 1249 795 1333 quod
816 1253 941 1332 pauperi
965 1251 1034 1310 siue
1057 1251 1161 1310 veniali

243 1337 373 1414 peccato
386 1333 585 1413 eleemosyna
603 1333 795 1414 negari‘uon
817 1335 925 1422 possit,
948 1339 983 1393 ut
1004 1333 1160 1394 mihilalso

245 1414 398 1494 asscribis,
419 1417 450 1475 in
473 1434 533 1494 qua
553 1435 588 1476 re
599 1415 708 1497 grandi
720 1415 909 1478 verbositate
927 1435 976 1476 me
988 1415 1161 1496 insequeris,

245 1513 315 1558 cum
335 1517 399 1559 non
421 1497 576 1578 Silvester,
599 1499 653 1558 sed
677 1493 824 1559 Martinus
850 1500 878 1570 Ι)
903 1497 978 1560 illud
999 1499 1161 1560 somniarit

245 1580 277 1643 si
299 1601 349 1642 me
368 1579 557 1660 intellexisti,
579 1583 630 1661 qul
652 1579 727 1642 illud
747 1601 787 1642 ue
805 1583 941 1663 cogitavi
956 1581 1095 1662 quidem,
1117 1599 1162 1642 cur

245 1670 353 1726 contra
381 1681 432 1724 me
458 1669 506 1725 tot
531 1663 695 1725 mendacia
732 1665 913 1726 convolvis?
955 1665 987 1726 si
1019 1683 1094 1726 vero
1120 1684 1162 1725 me

245 1767 308 1809 non
330 1746 524 1826 intellexisti,
548 1748 674 1828 ingenio
697 1747 836 1809 sobriore
865 1747 990 1808 lectioni
1015 1755 1049 1810 et
1070 1747 1161 1808 studio

244 1837 276 1893 te
298 1829 420 1892 addice.

327 1913 474 1994 impingis
496 1931 620 1992 quoque
641 1913 672 1979 in
695 1931 745 1974 me
767 1910 955 1990 mirabiliter,
978 1920 1011 1974 et
1034 1911 1074 1973 de
1095 1911 1162 1993 phil·

245 1997 381 2078 argyn'a,
410 1993 509 2057 etde
535 1994 650 2056 ambitu
684 1995 883 2076 dignitatum,
916 1995 998 2076 quod
1031 1997 1096 2056 eius
1123 1997 1160 2056 rei

246 2079 346 2161 guda
368 2076 549 2138 adulatoriis
577 2077 681 2138 verbis
701 2077 903 2161 applaudam:
940 2077 989 2138 Ad
1013 2097 1096 2161 quae
1115 2078 1161 2138 ali-

243 2162 284 2228 nd
306 2161 382 2222 nihil
406 2160 552 2240 dixerim,
579 2162 639 2222 uisi
669 2162 751 2242 quod
782 2162 842 2222 mei
871 2160 972 2223 cordis
995 2166 1115 2223 secreta
1135 2170 1160 2222 tu

243 2244 323 2306 torte
345 2244 555 2327 exploratiora
577 2251 674 2317 tenes,
697 2262 787 2324 quam
809 2246 877 2325 ipse
894 2251 1029 2307 teneam.
1073 2244 1104 2306 Si
1124 2250 1160 2305 ta-

245 2347 315 2389 meu
338 2326 377 2387 de
399 2326 597 2408 dignitatibus
619 2328 729 2409 agitur,
752 2328 816 2389 scio
831 2348 878 2387 me
892 2328 1037 2389 iuvenem
1053 2330 1161 2409 episco-

244 2418 350 2491 patum
373 2408 644 2472 cum'sexcentum
674 2412 774 2471 aureis
804 2412 957 2474 reiecisse.
1000 2410 1095 2473 Forte
1117 2430 1160 2470 au·

245 2500 306 2553 tem
338 2512 377 2554 ex
404 2498 562 2554 senectute
584 2492 697 2553 delirus
726 2492 891 2573 aliquando
914 2498 1026 2575 potero
1059 2512 1159 2555 amec

244 2577 395 2655 instituto,
418 2576 501 2657 quod
524 2575 727 2658 quadraginta
748 2582 867 2657 septem
889 2578 976 2639 aunis
1000 2582 1033 2637 et
1055 2596 1093 2639 eo
1106 2596 1159 2636 am·

265 2658 324 2719 lius
351 2660 381 2719 iu
417 2660 481 2719 vita
501 2658 640 2740 regulari·
655 2656 800 2719 virilitate
827 2660 927 2737 tenui,
955 2660 1088 2721 mollitie
1116 2659 1159 2719 de-

244 2677 338 2803 decti.
382 2739 443 2803 Sed
465 2760 524 2802 nec
545 2740 680 2802 cilicium
702 2739 813 2826 ipsum,
835 2740 918 2821 quod
940 2741 1057 2803 domini
1071 2742 1158 2803 uostri

248 2841 375 2885 munere
397 2842 585 2905 prosequor,
614 2842 665 2883 me
695 2830 748 2884 aut
769 2826 958 2904 quaesivisse
979 2822 1033 2885 aut
1054 2826 1160 2907 appeti·

244 2908 327 2967 visse
349 2906 437 2985 scito,
460 2906 513 2968 sed
536 2912 652 2967 tanturn
675 2908 788 2989 gratias
811 2909 920 2989 egisse.
943 2908 1034 2969 Brevi
1056 2914 1158 2985 autern,

244 2990 271 3051 si
293 2988 452 3069 advixero,
474 3009 525 3051 me
546 2988 601 3050 tibi
623 2997 655 3051 et
674 2990 789 3051 mundo
812 2996 1006 3051 ostensurum
1029 2990 1157 3066 dixerim,

245 3072 328 3154 quod
358 3073 390 3132 iu
417 3072 526 3133 mediis
548 3071 649 3153 globis
678 3071 869 3137 flammarum
898 3092 966 3133 cum
989 3074 1157 3135 deliciarum

244 3162 276 3217 et
297 3154 482 3235 divitiarum,
504 3161 568 3215 tum
590 3156 683 3215 etiarn
698 3155 878 3237 dignitatum
902 3162 933 3217 et
954 3154 1156 3229 illecebrarum

188 3275 190 3278 -
245 3256 347 3320 neque
369 3242 469 3299 tactus
491 3258 567 3316 sum,
590 3256 691 3319 neque
712 3236 842 3301 afflatus.

263 3329 266 3338 '
325 3320 372 3382 Tu
392 3339 468 3381 vero
490 3322 552 3400 ais,
584 3320 667 3402 quod
687 3320 842 3406 ,christum
864 3322 895 3382 iu
917 3340 966 3382 me
987 3320 1155 3401 loq'ueuten

197 3451 201 3457 .
242 3424 306 3476 non
335 3400 432 3465 audis.
475 3402 536 3465 Sed
563 3419 665 3484 neque
693 3422 752 3485 ego
781 3422 889 3466 vocem
925 3406 989 3466 eius
1015 3404 1155 3466 audicio

243 3495 274 3547 te
295 3493 419 3566 praeter
444 3506 554 3563 uuam,
587 3504 644 3566 qua
669 3493 700 3547 te
720 3486 858 3567 pontifici
902 3488 1082 3549 rostravisti.
1103 3484 1156 3548 Sed

244 3568 327 3629 allud
338 3568 482 3645 quiddam
506 3570 537 3627 in
561 3575 591 3629 te
612 3569 686 3628 mihi
703 3570 806 3651 garrit,
828 3508 909 3635 undb
931 3576 984 3630 aut
1004 3570 1035 3633 iu
1057 3577 1153 3633 neutro

250 3710 743 3740 „aa—-Q—-r—-u—aq——q—-uulr

761 3746 764 3755 u

299 3811 331 3880 1)
350 3812 382 3865 ln
400 3813 466 3875 edit.-
477 3811 559 3871 'Jemt
576 3818 727 3875 nocherus*
754 3836 757 3841 '

1062 3880 1069 3911 l
