2600 4300
214 313 278 383 492
523 315 602 372 liert
619 316 695 370 Lutb.
713 314 845 372 Defensio

214 487 412 570 Augustinus,
433 487 634 564 Ambrosius,
655 495 688 549 st
708 489 881 569 quicunque
902 489 1000 550 sannti
1020 489 1141 564 Patres,

214 573 266 652 qni
287 571 319 633 8.
340 572 463 633 Petrum
485 591 577 652 super
598 591 706 632 omnes
734 573 902 650 extollunt,
924 573 1050 633 honoris
1072 573 1140 652 qui-

213 655 285 716 dem
306 661 419 716 ornant
438 656 616 735 praeconio,
638 655 693 716 sed
714 675 773 716 neo
787 661 974 736 potestatem
996 655 1026 714 ei
1047 675 1143 736 super

125 764 129 773 =
214 757 323 799 omnes
345 738 489 800 tribuunt
520 738 588 799 Nou
606 739 666 818 ipsi
697 739 729 798 in
751 740 815 799 vita
834 739 977 799 Romano
999 738 1141 818 pontilini

213 820 326 882 subditi
357 821 500 898 fuerunt,
530 840 589 882 neo
617 840 751 900 unquam
785 821 824 882 de
851 823 985 902 primatu
1005 821 1140 883 Romani

213 904 368 984 pontilicis
388 904 503 984 aliquid
525 905 749 983 meminerunt,
782 905 866 984 quod
895 899 1008 966 minen*
1027 904 1141 965 Ennius

213 989 277 1048 suis
297 987 397 1048 foedis
417 987 643 1049 adulationibus
666 993 697 1048 et
714 987 983 1068 depravationibus
1005 993 1141 1049 statuere

214 1072 341 1150 quaerit
1084 1087 1087 1094 ’

294 1154 398 1216 Tertio
419 1154 642 1234 Hieronymum
666 1153 783 1214 iuduoit
811 1160 920 1215 eontra
941 1153 1139 1234 Pelagianos,

212 1236 285 1318 quid
306 1237 427 1298 Plutoni
448 1244 480 1298 et
499 1237 616 1298 Petro?
647 1236 689 1298 Ut
705 1237 757 1297 ille
780 1235 1035 1318 philosophorum
1059 1237 1138 1316 prin-

212 1339 296 1400 oeps,
318 1321 363 1381 ita
382 1321 432 1380 bio
452 1321 666 1400 apostolorum
690 1320 755 1397 fuit,
777 1339 869 1400 super
891 1339 982 1399 quem
1005 1319 1141 1381 eoolesin

212 1403 460 1465 Doministabili
475 1403 559 1464 mole
580 1402 709 1463 lundata
730 1409 786 1466 est

104 1485 113 1510 ⁰
293 1486 492 1566 Respondeo,
513 1486 618 1566 planet
628 1485 805 1563 similitudo,
819 1483 874 1546 sed
889 1484 1029 1564 uunquid
1039 1484 1140 1562 Plato,

212 1568 630 1650 philosophorumpriuoeps,
652 1587 727 1629 mox
748 1587 840 1648 super
859 1567 1065 1649 philosophus
1087 1568 1138 1630 do·

213 1653 344 1712 minatus
366 1660 414 1713 est
445 1653 512 1712 iure
531 1651 718 1732 potestatis?
753 1651 840 1730 Non,
870 1650 925 1712 sed
953 1651 1139 1712 exoellsntia

213 1734 371 1796 doetrinae
403 1742 435 1796 et
454 1735 592 1797 honoris.
623 1734 670 1794 ltu
690 1735 798 1795 Petrus
826 1735 970 1815 prinneps
1000 1753 1064 1795 non
1086 1753 1139 1814 po·

212 1824 339 1897 testate,
371 1817 426 1880 ssd
448 1818 568 1879 honore
589 1818 746 1898 primatus.
782 1817 824 1878 Et
843 1817 927 1897 quod
954 1835 1048 1897 super
1069 1836 1138 1878 eum

211 1900 385 1962 wiltuniam
408 1901 572 1962 eoolesiam
594 1901 688 1974 dinit,
714 1919 820 1975 verum
848 1907 896 1960 est
916 1918 1009 1960 sensu
1031 1919 1137 1960 senun-

213 1984 309 2063 dariu,
331 1991 480 2065 utsupra
501 1984 574 2062 dixi,
595 1984 733 2064 alioquin
755 1990 787 2044 et
807 1984 875 2064 ipse
896 1983 1006 2043 Petrus
1027 1983 1137 2063 prima-

212 2068 258 2130 rio
280 2087 382 2147 sensu,
406 2087 475 2128 uum
497 2068 537 2128 sit
558 2086 631 2149 pura
654 2067 804 2128 eeclesiae
820 2075 1051 2146 superpetram,
1073 2085 1136 2126 uon

212 2170 305 2232 super
330 2172 365 2213 se
387 2153 488 2231 ipsum
524 2150 704 2213 aedilinatus
733 2156 788 2212 est.
818 2149 939 2211 Abusus
973 2155 1021 2210 est
1041 2150 1137 2211 verbo

212 2235 364 2317 evangelii
373 2235 579 2315 Hieronymus
600 2234 668 2295 hoo·
682 2233 764 2312 loon,
786 2235 838 2313 qui
859 2232 932 2295 alibi
950 2235 1136 2295 eontrarium

212 2317 295 2398 dioil,
319 2319 514 2399 evangelium
534 2319 739 2396 interpretans
761 2316 935 2377 ex0animo.

296 2400 412 2476 Quarto
444 2401 698 2481 chrysostomum
728 2399 834 2462 blattb.
858 2402 904 2464 16.
933 2396 1015 2473 Quid
1046 2398 1138 2480 igitur

211 2486 335 2558 Petrus,
369 2485 505 2546 omnium
533 2483 746 2564 apostolorum
777 2501 812 2543 os
849 2489 881 2543 et
907 2488 1016 2543 vertex
1043 2482 1137 2543 totius

212 2568 369 2646 oonsortii,
391 2566 569 2629 sublimiora
588 2568 689 2646 ipsum
700 2584 809 2646 sapere
830 2564 911 2642 ieoit,
933 2571 965 2626 et
983 2564 1137 2628 boolesiae

210 2652 331 2713 futurae
350 2657 507 2731 pastorem
528 2650 703 2726 eonstituit,
726 2654 758 2710 et
777 2648 864 2727 inira,
885 2647 969 2709 huno
990 2648 1137 2713 universo

100 2812 107 2827 ί
212 2742 359 2796 terrnmm
376 2732 443 2795 orbi
464 2732 601 2794 cbristus
623 2732 781 2813 praesedit.

242 2816 247 2824 '
293 2817 380 2877 Haeo
402 2817 427 2876 si
449 2816 602 2896 intelligat
622 2815 663 2876 de
677 2814 840 2897 potestatis
862 2814 938 2891 iure,
960 2813 1028 2875 sine
1049 2820 1137 2875 auto·

211 2902 301 2962 ritate
323 2899 472 2978 dicuutur,
494 2900 567 2979 quia
585 2898 682 2959 verba
704 2898 814 2959 Christi
835 2896 896 2958 hoo
918 2914 982 2957 non
1010 2896 1136 2976 habent,

213 2990 360 3063 utsupra
381 2982 453 3047 dixi.
547 2986 552 2994 '
862 3008 864 3013 ·

295 3064 447 3141 Senuudo,
467 3065 539 3145 quia
552 3063 792 3145 chrysostomus
813 3063 880 3143 ipse
900 3080 965 3123 non
989 3062 1136 3142 servarit,

212 3148 369 3212 ordinatus
392 3150 557 3230 episeopus
578 3166 599 3207 n
618 3146 792 3227 Theophilo
813 3144 1051 3224 Alexandrino,
1073 3164 1135 3207 non

177 3291 181 3299 ,
212 3252 232 3293 n
252 3233 406 3294 Romano.

294 3315 409 3394 Tertio,
430 3314 504 3394 quia
523 3312 643 3373 etiamsi
655 3312 763 3373 Petrus
774 3311 844 3373 talis
864 3317 957 3391 emet,
979 3328 1043 3372 non
1064 3309 1134 3372 ideo

211 3399 378 3460 Romanus·
392 3396 532 3477 pontitex
552 3394 622 3455 tnlis
644 3401 747 3473 esset,
770 3402 834 3456 tum
856 3393 939 3475 quod
960 3393 1133 3474 apostolus,

212 3481 267 3541 ills
289 3481 470 3559 episeopus,
490 3485 556 3539 tum
579 3476 662 3556 quod
684 3482 829 3556 sanutus,
850 3476 905 3537 ille
925 3476 1005 3537 torte
1027 3494 1134 3555 peonn-

214 3566 272 3621 tor.
299 3560 403 3635 Quare
430 3580 554 3622 sensum
582 3559 816 3641 Ohrysoutomi,
850 3578 890 3620 ne
919 3576 988 3619 num
1009 3576 1133 3639 pronus-

212 3641 354 3703 dsntibus
374 3648 503 3723 pugnet,
523 3642 623 3721 probo
643 3649 676 3702 et
696 3648 836 3723 anoepto,
859 3641 942 3721 quod
963 3640 1074 3702 Petrus
1095 3660 1130 3703 os

213 3724 424 3799 apostolorum
445 3725 519 3803 init,
546 3743 585 3785 no
604 3744 670 3807 per.
692 3724 754 3786 bon
774 3742 837 3787 non
868 3726 901 3785 in
923 3742 980 3785 sus
999 3740 1133 3805 persons

213 3800 335 3865 loentum
356 3811 419 3886 est,
440 3811 473 3868 et
492 3806 619 3888 nudivit,
642 3806 713 3871 diui
735 3806 816 3873 dabo
838 3812 914 3891 otu,
934 3807 979 3870 itu
997 3806 1131 3889 praelec-
