2600 4300
396 313 563 373 ocaeano
582 312 618 375 sd
637 319 753 388 rapam
831 392 836 405 Ι
976 312 1045 381 4οἱ-

117 488 357 566 irreverentiam
370 487 587 565 maehinatum,
610 485 872 549 reverendissimis
883 487 914 547 in
927 485 1047 549 onusto

120 570 280 650 patribus,
295 569 422 633 domino
436 571 626 652 Hieronymo
635 568 675 630 de
689 569 841 631 Ghinutiis
851 569 1049 651 ¹),episoopo

119 652 346 732 Aseuianensi,
382 653 515 715 auditori
547 655 696 715 Gamerae
727 660 784 715 eto.
819 650 850 714 et
887 652 1046 735 Sylvestro

120 736 252 796 Prierati
285 734 402 798 ordinis
446 736 710 817 praedicatorum,
744 736 852 817 palatii
883 736 1046 817 apostotioi

119 819 280 899 magistro,
303 821 517 881 committeret.
553 818 634 895 Quin
649 820 713 879 imo
736 838 790 899 per
803 819 888 879 ilium
910 820 969 899 ipsi
990 837 1046 900 po·

118 902 177 978 tius
200 909 411 965 extorserunt.
454 902 515 978 Qui
536 902 661 983 quidem
681 900 812 973 ¹iudices
842 911 872 963 et
892 902 1048 964 auditores

119 1004 187 1044 aum
208 984 300 1064 mihi,
321 985 408 1047 salva
429 1004 551 1065 semper
572 1005 678 1045 eorum
702 987 891 1063 reverentia,
913 986 1048 1066 suspeoti

119 1068 195 1145 sint,
230 1067 318 1147 quod
350 1070 418 1149 ipse
450 1068 639 1130 reverendus
672 1076 761 1149 pater
783 1068 940 1149 Sylvester
969 1069 1046 1129 alias

119 1157 228 1211 eontra
249 1170 302 1211 me
334 1151 549 1213 exacerbatam
578 1151 774 1213 affectionem
805 1170 891 1212 suam
925 1149 1047 1213 abunde

120 1232 304 1310 ostenderit,
326 1236 358 1295 in
372 1233 511 1317 dialogo,
533 1254 624 1315 quem
646 1239 755 1299 eontra
776 1235 1047 1315 meas-positiones

120 1316 225 1395 edidit,
249 1317 285 1377 in
307 1336 367 1397 quo
390 1338 465 1379 suae
489 1318 626 1399 opinioni
647 1317 717 1397 plus
734 1336 834 1396 aequo
852 1316 980 1378 effeetus
997 1336 1047 1379 me

120 1400 313 1460 haereticum
346 1408 378 1462 et
412 1402 553 1461 insanum
585 1400 748 1480 multisque
781 1400 849 1461 aitis
871 1398 1047 1464 nominibus

120 1483 282 1545 eriminum
304 1483 485 1545 iudicaverit
506 1491 539 1543 et
559 1482 761 1543 damnaverit.

200 1564 328 1627 Deinde
347 1568 410 1627 suis
433 1566 591 1645 iratribus,
621 1584 698 1645 quos
719 1565 798 1627 haeo
819 1586 868 1627 res
889 1567 1043 1647 prinoipe-

120 1648 187 1709 iiter
224 1650 342 1730 tangit,
364 1649 569 1710 verisimiliter
602 1651 805 1729 praesumitur
845 1649 913 1729 pius
956 1664 1049 1729 quam

122 1750 233 1793 eausae
257 1732 372 1812 favere,
393 1739 486 1812 atque
507 1734 550 1793 ita
570 1730 667 1809 fleret,
690 1739 723 1792 ut
744 1733 911 1813 peripsum
936 1732 1044 1794 adver-

122 1815 189 1875 sarii
210 1805 341 1895 ipsime't
367 1817 399 1875 in
432 1835 488 1877 sua
509 1833 604 1876 eausa
624 1813 740 1875 iudices
762 1815 879 1879 fierent.
922 1815 963 1877 itt
983 1816 1046 1897 ipsi

125 1896 321 1977 Thomistae,
341 1898 416 1959 lieet
437 1897 590 1977 sibiipsis
611 1904 721 1959 eontra
742 1918 790 1959 me
813 1918 876 1959 non
898 1906 1044 1959 constan·

125 1987 178 2059 tea,
201 1981 336 2061 saepius·
352 1988 456 2041 tamen
477 1981 595 2041 inventi
615 1986 688 2041 sunt
701 2000 757 2061 pro
771 1982 833 2041 suis
849 1982 1046 2061 opinionibus

125 2064 243 2125 maiora
275 2070 308 2124 et
328 2063 389 2124 alia
413 2069 560 2142 tentasse,
582 2080 675 2142 quam
698 2065 844 2143 cuiusque
867 2065 974 2127 merita
993 2082 1048 2145 po·

125 2146 301 2226 stutassent,
324 2156 355 2208 et
375 2149 514 2228 aequitas
536 2147 609 2207 iuris
626 2154 790 2228 pateretur.
819 2147 962 2227 Denique
979 2167 1048 2210 oum

125 2231 204 2291 idem
240 2229 431 2292 reverendus
463 2237 551 2311 pater
572 2229 672 2291 solum
700 2232 730 2290 in
754 2231 943 2292 scholastioa
960 2232 1047 2294 theo·

126 2309 208 2393 logia
229 2315 273 2374 sit
285 2314 449 2375 ‘institutus
471 2320 503 2374 et
520 2315 687 2392 enutritus,
710 2332 878 2394 parumque
899 2315 930 2374 in
952 2316 1045 2396 serip-

125 2397 197 2456 turis
220 2398 339 2458 sanotis
374 2399 427 2475 (ut
462 2403 592 2477 apparet
621 2415 662 2456 ex
696 2398 759 2456 suis
791 2398 912 2478 seriptis
933 2399 1041 2474 variis)

127 2481 323 2561 exercitatus,
346 2480 478 2540 ethaeo
499 2477 763 2540 materiaiudioes
786 2487 914 2560 quaerat
944 2481 975 2540 in
998 2499 1045 2541 sa·

127 2564 181 2622 eris
203 2563 302 2623 literis
324 2570 356 2623 et
369 2561 595 2623 'ecelesiasticis
618 2562 754 2642 patribus
783 2564 1045 2642 instructissimos,

105 2664 186 2707 .non
208 2646 367 2726 praesumi
388 2652 502 2726 potest,
524 2665 593 2706 eum
616 2645 667 2706 vel
688 2665 781 2726 posse
802 2653 885 2708 reete
900 2647 1045 2708 iudicare.

204 2727 409 2790 Reverendus
436 2747 511 2789 vero
545 2729 576 2788 in
609 2727 730 2790 Christo
762 2737 865 2810 pater,
904 2729 1046 2791 dominus

127 2809 333 2892 Hieronymus
369 2812 533 2892 episeopus
555 2817 624 2890 eto,
658 2813 767 2874 merito
800 2814 923 2874 timetur
959 2813 1046 2874 alteri

129 2893 269 2976 collegae
297 2908 353 2956 suo
385 2893 553 2954 adhaerere
575 2893 690 2973 ¹(quod
711 2913 788 2975 paee
816 2915 853 2956 ao
874 2898 1047 2958 reverentia
1110 2920 1143 2956 ·.

128 2995 162 3037 ac
182 2979 261 3038 eitra
280 2978 422 3038 iniuriam
434 2976 547 3038 dietum
563 2977 668 3056 volo),
691 2986 722 3039 et
735 2979 785 3058 qui
798 2980 875 3058 patri
887 2978 1045 3060 Sylvestro

129 3059 165 3122 ob
186 3061 389 3141 professionis
416 3059 612 3142 theologicae
641 3079 756 3126 nomen
783 3061 874 3124 faoile
900 3061 1045 3124 iudicium

128 3142 268 3206 redderet
279 3143 324 3224 ²),
345 3151 438 3223 atque
459 3145 536 3224 ipse,
558 3144 663 3224 quiin
685 3145 784 3206 oausis
814 3144 882 3206 aliis
905 3145 1045 3206 oiviiibus

131 3234 160 3286 et
177 3225 353 3288 huiusmodi
375 3227 449 3289 satia
471 3225 602 3288 idoneus
624 3234 715 3289 esset.
745 3227 831 3290 Haeo
852 3235 954 3290 autem
976 3247 1045 3288 oum

131 3309 187 3369 sint
207 3309 246 3370 de
268 3307 331 3369 tide
352 3315 384 3370 et
403 3309 523 3371 haeresi
550 3316 601 3382 (ut
622 3309 790 3372 adversarii
802 3311 936 3388 dieunt),
958 3317 1046 3383 extra

132 3410 201 3452 suae
243 3392 424 3471 roiessionis
446 3391 571 3453 modum
594 3411 665 3454 esse
686 3395 761 3455 satis
781 3395 978 3475 intelligatur,
1000 3400 1045 3454 at·

134 3491 187 3552 que
205 3413 278 3537 ideo
305 3473 381 3536 mihi
413 3476 534 3554 utrique
562 3478 783 3557 suspeetissimi
817 3497 864 3538 me
896 3477 983 3538 citari
1004 3475 1044 3536 ie·

133 3567 232 3620 oemnt
252 3566 286 3620 et
305 3560 477 3619 citaverunt
509 3557 549 3618 ad
583 3558 822 3640 comparendum
843 3558 1046 3644 perponsliter

134 3639 253 3722 Romae,
273 3643 306 3702 in
327 3641 400 3702 loeo
422 3641 496 3701 mitri
519 3642 654 3702 omnium
677 3643 907 3721 suspeetissimo
929 3651 961 3702 et
982 3660 1044 3702 non

150 3747 551 3777 -τ-ῃ..

198 3823 228 3891 i)
245 3823 276 3877 ln
293 3822 338 3877 ed.
355 3823 430 3878 den:
450 3821 585 3878 Genntiis.
622 3821 654 3890 2)
676 3819 761 3876 ibid:
780 3821 898 3876 sederet.

155 3926 760 3998 ammomumrssunsunvoa1u
837 3910 877 3976 26
