<?xml version="1.0" encoding="UTF-8"?>
<!DOCTYPE html PUBLIC "-//W3C//DTD XHTML 1.0 Transitional//EN"
    "http://www.w3.org/TR/xhtml1/DTD/xhtml1-transitional.dtd">
<html xmlns="http://www.w3.org/1999/xhtml" xml:lang="en" lang="en">
 <head>
  <title>
</title>
<meta http-equiv="Content-Type" content="text/html;charset=utf-8" />
  <meta name='ocr-system' content='tesseract 3.04.00' />
  <meta name='ocr-capabilities' content='ocr_page ocr_carea ocr_par ocr_line ocrx_word'/>
</head>
<body>
  <div class='ocr_page' id='page_1' title='image "./operalatinavari06schmgoog_0143.png"; bbox 0 0 2600 4300; ppageno 0'>
   <div class='ocr_carea' id='block_1_1' title="bbox 382 311 1098 423">
    <p class='ocr_par' dir='ltr' id='par_1_1' title="bbox 382 311 1098 423">
     <span class='ocr_line' id='line_1_1' title="bbox 382 311 1098 423; baseline 0.018 -19"><span class='ocrx_word' id='word_1_1' title='bbox 382 350 418 404; x_wconf 86' lang='lat' dir='ltr'>ed</span> <span class='ocrx_word' id='word_1_2' title='bbox 436 351 556 407; x_wconf 75' lang='lat' dir='ltr'>leonem</span> <span class='ocrx_word' id='word_1_3' title='bbox 575 350 713 407; x_wconf 73' lang='lat' dir='ltr'>decimum</span> <span class='ocrx_word' id='word_1_4' title='bbox 734 352 844 423; x_wconf 74' lang='lat' dir='ltr'>Papiam.</span> <span class='ocrx_word' id='word_1_5' title='bbox 1011 345 1073 417; x_wconf 81' lang='lat'>133</span> <span class='ocrx_word' id='word_1_6' title='bbox 1095 311 1098 321; x_wconf 23' lang='lat' dir='ltr'>y</span> 
     </span>
    </p>
   </div>
   <div class='ocr_carea' id='block_1_2' title="bbox 154 517 1073 603">
    <p class='ocr_par' dir='ltr' id='par_1_2' title="bbox 154 517 1073 603">
     <span class='ocr_line' id='line_1_2' title="bbox 154 517 1073 603; baseline 0.004 -24"><span class='ocrx_word' id='word_1_7' title='bbox 154 517 216 579; x_wconf 82' lang='lat' dir='ltr'>lieis</span> <span class='ocrx_word' id='word_1_8' title='bbox 233 518 375 583; x_wconf 88' lang='lat' dir='ltr'>minuere</span> <span class='ocrx_word' id='word_1_9' title='bbox 388 522 515 583; x_wconf 82' lang='lat' dir='ltr'>molitas</span> <span class='ocrx_word' id='word_1_10' title='bbox 527 522 595 584; x_wconf 86' lang='lat' dir='ltr'>sim.</span> <span class='ocrx_word' id='word_1_11' title='bbox 629 520 707 582; x_wconf 86' lang='lat' dir='ltr'>lude</span> <span class='ocrx_word' id='word_1_12' title='bbox 718 521 900 601; x_wconf 77' lang='lat' dir='ltr'>haereticus,</span> <span class='ocrx_word' id='word_1_13' title='bbox 918 529 1073 603; x_wconf 86' lang='lat' dir='ltr'>apostata,</span> 
     </span>
    </p>
   </div>
   <div class='ocr_carea' id='block_1_3' title="bbox 154 600 1179 686">
    <p class='ocr_par' dir='ltr' id='par_1_3' title="bbox 154 600 1179 686">
     <span class='ocr_line' id='line_1_3' title="bbox 154 600 1179 686; baseline 0.003 -23"><span class='ocrx_word' id='word_1_14' title='bbox 154 600 289 683; x_wconf 85' lang='lat' dir='ltr'>perfidus</span> <span class='ocrx_word' id='word_1_15' title='bbox 312 609 345 663; x_wconf 89' lang='lat' dir='ltr'>et</span> <span class='ocrx_word' id='word_1_16' title='bbox 364 606 519 665; x_wconf 88' lang='lat' dir='ltr'>sexeentis</span> <span class='ocrx_word' id='word_1_17' title='bbox 541 604 727 682; x_wconf 80' lang='lat' dir='ltr'>nominibus,</span> <span class='ocrx_word' id='word_1_18' title='bbox 748 606 811 665; x_wconf 91' lang='lat' dir='ltr'>imo</span> <span class='ocrx_word' id='word_1_19' title='bbox 826 606 1003 686; x_wconf 73' lang='lat' dir='ltr'>ignominiis</span> <span class='ocrx_word' id='word_1_20' title='bbox 1025 624 1074 666; x_wconf 80' lang='lat' dir='ltr'>ao·</span> <span class='ocrx_word' id='word_1_21' title='bbox 1176 635 1179 641; x_wconf 93' lang='lat'>·</span> 
     </span>
    </p>
   </div>
   <div class='ocr_carea' id='block_1_4' title="bbox 93 686 1080 2758">
    <p class='ocr_par' dir='ltr' id='par_1_4' title="bbox 153 686 1076 1413">
     <span class='ocr_line' id='line_1_4' title="bbox 154 686 1074 768; baseline 0.002 -22"><span class='ocrx_word' id='word_1_22' title='bbox 154 705 253 746; x_wconf 86' lang='lat' dir='ltr'>ensor.</span> <span class='ocrx_word' id='word_1_23' title='bbox 298 686 433 748; x_wconf 84' lang='lat' dir='ltr'>Horrent</span> <span class='ocrx_word' id='word_1_24' title='bbox 457 706 545 748; x_wconf 85' lang='lat' dir='ltr'>aures</span> <span class='ocrx_word' id='word_1_25' title='bbox 579 694 611 748; x_wconf 89' lang='lat' dir='ltr'>et</span> <span class='ocrx_word' id='word_1_26' title='bbox 637 694 762 768; x_wconf 77' lang='lat' dir='ltr'>stupent</span> <span class='ocrx_word' id='word_1_27' title='bbox 793 688 884 750; x_wconf 87' lang='lat' dir='ltr'>oouli.</span> <span class='ocrx_word' id='word_1_28' title='bbox 927 688 989 749; x_wconf 85' lang='lat' dir='ltr'>Sed</span> <span class='ocrx_word' id='word_1_29' title='bbox 1009 690 1074 749; x_wconf 60' lang='lat' dir='ltr'>nni-⁴</span> 
     </span>
     <span class='ocr_line' id='line_1_5' title="bbox 154 768 1075 851; baseline 0.002 -20"><span class='ocrx_word' id='word_1_30' title='bbox 154 788 222 831; x_wconf 85' lang='lat' dir='ltr'>oum</span> <span class='ocrx_word' id='word_1_31' title='bbox 243 775 308 830; x_wconf 82' lang='lat' dir='ltr'>stat</span> <span class='ocrx_word' id='word_1_32' title='bbox 335 768 467 833; x_wconf 80' lang='lat' dir='ltr'>fidaeiae</span> <span class='ocrx_word' id='word_1_33' title='bbox 495 770 697 851; x_wconf 72' lang='lat' dir='ltr'>praesidium,</span> <span class='ocrx_word' id='word_1_34' title='bbox 717 768 877 831; x_wconf 85' lang='lat' dir='ltr'>¹innoeens</span> <span class='ocrx_word' id='word_1_35' title='bbox 909 779 941 832; x_wconf 88' lang='lat' dir='ltr'>et</span> <span class='ocrx_word' id='word_1_36' title='bbox 972 773 1075 851; x_wconf 85' lang='lat' dir='ltr'>quiete</span> 
     </span>
     <span class='ocr_line' id='line_1_6' title="bbox 153 852 1075 937; baseline 0.002 -24"><span class='ocrx_word' id='word_1_37' title='bbox 153 853 353 913; x_wconf 81' lang='lat' dir='ltr'>eonsoientia</span> <span class='ocrx_word' id='word_1_38' title='bbox 395 853 462 914; x_wconf 80' lang='lat' dir='ltr'>Neo</span> <span class='ocrx_word' id='word_1_39' title='bbox 482 872 566 915; x_wconf 84' lang='lat' dir='ltr'>nova</span> <span class='ocrx_word' id='word_1_40' title='bbox 594 853 703 933; x_wconf 89' lang='lat' dir='ltr'>audio,</span> <span class='ocrx_word' id='word_1_41' title='bbox 741 852 853 914; x_wconf 78' lang='lat' dir='ltr'>talibus</span> <span class='ocrx_word' id='word_1_42' title='bbox 880 856 961 914; x_wconf 87' lang='lat' dir='ltr'>enim</span> <span class='ocrx_word' id='word_1_43' title='bbox 981 856 1075 937; x_wconf 86' lang='lat' dir='ltr'>insig-</span> 
     </span>
     <span class='ocr_line' id='line_1_7' title="bbox 153 935 1075 1018; baseline 0.003 -23"><span class='ocrx_word' id='word_1_44' title='bbox 153 935 241 996; x_wconf 90' lang='lat' dir='ltr'>nibus</span> <span class='ocrx_word' id='word_1_45' title='bbox 264 943 297 996; x_wconf 89' lang='lat' dir='ltr'>et</span> <span class='ocrx_word' id='word_1_46' title='bbox 317 938 349 995; x_wconf 89' lang='lat' dir='ltr'>in</span> <span class='ocrx_word' id='word_1_47' title='bbox 372 943 478 997; x_wconf 81' lang='lat' dir='ltr'>nostre</span> <span class='ocrx_word' id='word_1_48' title='bbox 498 937 628 1018; x_wconf 79' lang='lat' dir='ltr'>regione</span> <span class='ocrx_word' id='word_1_49' title='bbox 656 956 705 997; x_wconf 89' lang='lat' dir='ltr'>me</span> <span class='ocrx_word' id='word_1_50' title='bbox 727 943 913 997; x_wconf 87' lang='lat' dir='ltr'>ornaverunt</span> <span class='ocrx_word' id='word_1_51' title='bbox 933 938 1075 998; x_wconf 88' lang='lat' dir='ltr'>homines</span> 
     </span>
     <span class='ocr_line' id='line_1_8' title="bbox 154 1018 1075 1099; baseline 0.002 -20"><span class='ocrx_word' id='word_1_52' title='bbox 154 1020 202 1079; x_wconf 89' lang='lat' dir='ltr'>isti</span> <span class='ocrx_word' id='word_1_53' title='bbox 223 1018 438 1080; x_wconf 71' lang='lat' dir='ltr'>honestissimi</span> <span class='ocrx_word' id='word_1_54' title='bbox 469 1025 502 1080; x_wconf 85' lang='lat' dir='ltr'>et</span> <span class='ocrx_word' id='word_1_55' title='bbox 533 1038 676 1097; x_wconf 88' lang='lat' dir='ltr'>veraees,</span> <span class='ocrx_word' id='word_1_56' title='bbox 710 1019 741 1079; x_wconf 93' lang='lat' dir='ltr'>id</span> <span class='ocrx_word' id='word_1_57' title='bbox 769 1027 832 1098; x_wconf 90' lang='lat' dir='ltr'>est,</span> <span class='ocrx_word' id='word_1_58' title='bbox 863 1022 996 1099; x_wconf 89' lang='lat' dir='ltr'>pessime</span> <span class='ocrx_word' id='word_1_59' title='bbox 1018 1020 1075 1081; x_wconf 87' lang='lat' dir='ltr'>sibi</span> 
     </span>
     <span class='ocr_line' id='line_1_9' title="bbox 156 1102 1076 1183; baseline 0.001 -20"><span class='ocrx_word' id='word_1_60' title='bbox 156 1102 290 1180; x_wconf 88' lang='lat' dir='ltr'>eonsoii,</span> <span class='ocrx_word' id='word_1_61' title='bbox 322 1104 374 1181; x_wconf 89' lang='lat' dir='ltr'>qui</span> <span class='ocrx_word' id='word_1_62' title='bbox 395 1121 453 1162; x_wconf 86' lang='lat' dir='ltr'>sus</span> <span class='ocrx_word' id='word_1_63' title='bbox 472 1109 619 1183; x_wconf 85' lang='lat' dir='ltr'>portenta</span> <span class='ocrx_word' id='word_1_64' title='bbox 638 1102 712 1163; x_wconf 85' lang='lat' dir='ltr'>mibi</span> <span class='ocrx_word' id='word_1_65' title='bbox 734 1110 885 1163; x_wconf 77' lang='lat' dir='ltr'>conantur</span> <span class='ocrx_word' id='word_1_66' title='bbox 906 1102 1076 1183; x_wconf 70' lang='lat' dir='ltr'>imponere,</span> 
     </span>
     <span class='ocr_line' id='line_1_10' title="bbox 158 1182 1073 1266; baseline 0 -21"><span class='ocrx_word' id='word_1_67' title='bbox 158 1192 187 1245; x_wconf 91' lang='lat' dir='ltr'>et</span> <span class='ocrx_word' id='word_1_68' title='bbox 207 1203 279 1245; x_wconf 89' lang='lat' dir='ltr'>mea</span> <span class='ocrx_word' id='word_1_69' title='bbox 299 1186 472 1265; x_wconf 89' lang='lat' dir='ltr'>ignominia</span> <span class='ocrx_word' id='word_1_70' title='bbox 491 1205 563 1246; x_wconf 87' lang='lat' dir='ltr'>sues</span> <span class='ocrx_word' id='word_1_71' title='bbox 584 1187 770 1266; x_wconf 86' lang='lat' dir='ltr'>ignominias</span> <span class='ocrx_word' id='word_1_72' title='bbox 792 1182 973 1265; x_wconf 88' lang='lat' dir='ltr'>glorilloare.</span> <span class='ocrx_word' id='word_1_73' title='bbox 1013 1186 1073 1247; x_wconf 79' lang='lat' dir='ltr'>Sed</span> 
     </span>
     <span class='ocr_line' id='line_1_11' title="bbox 157 1268 1076 1349; baseline 0.001 -20"><span class='ocrx_word' id='word_1_74' title='bbox 157 1286 218 1329; x_wconf 89' lang='lat' dir='ltr'>rem</span> <span class='ocrx_word' id='word_1_75' title='bbox 239 1268 352 1347; x_wconf 85' lang='lat' dir='ltr'>ipsam,</span> <span class='ocrx_word' id='word_1_76' title='bbox 374 1268 551 1329; x_wconf 73' lang='lat' dir='ltr'>beatissime</span> <span class='ocrx_word' id='word_1_77' title='bbox 568 1268 667 1349; x_wconf 85' lang='lat' dir='ltr'>Peter,</span> <span class='ocrx_word' id='word_1_78' title='bbox 690 1268 823 1349; x_wconf 84' lang='lat' dir='ltr'>digneris</span> <span class='ocrx_word' id='word_1_79' title='bbox 838 1268 943 1329; x_wconf 88' lang='lat' dir='ltr'>audire</span> <span class='ocrx_word' id='word_1_80' title='bbox 965 1286 1004 1329; x_wconf 91' lang='lat' dir='ltr'>ex</span> <span class='ocrx_word' id='word_1_81' title='bbox 1025 1288 1076 1330; x_wconf 89' lang='lat' dir='ltr'>me</span> 
     </span>
     <span class='ocr_line' id='line_1_12' title="bbox 158 1351 473 1413; baseline 0.003 -3"><span class='ocrx_word' id='word_1_82' title='bbox 158 1351 271 1411; x_wconf 70' lang='lat' dir='ltr'>manu</span> <span class='ocrx_word' id='word_1_83' title='bbox 294 1359 326 1411; x_wconf 87' lang='lat' dir='ltr'>et</span> <span class='ocrx_word' id='word_1_84' title='bbox 345 1351 473 1413; x_wconf 82' lang='lat' dir='ltr'>inculto.</span> 
     </span>
    </p>

    <p class='ocr_par' dir='ltr' id='par_1_5' title="bbox 93 1432 1080 2678">
     <span class='ocr_line' id='line_1_13' title="bbox 235 1432 1075 1516; baseline 0.001 -22"><span class='ocrx_word' id='word_1_85' title='bbox 235 1432 351 1513; x_wconf 78' lang='lat' dir='ltr'>Coepit</span> <span class='ocrx_word' id='word_1_86' title='bbox 381 1433 464 1515; x_wconf 88' lang='lat' dir='ltr'>apud</span> <span class='ocrx_word' id='word_1_87' title='bbox 495 1452 554 1495; x_wconf 92' lang='lat' dir='ltr'>nos</span> <span class='ocrx_word' id='word_1_88' title='bbox 586 1433 695 1495; x_wconf 89' lang='lat' dir='ltr'>diebus</span> <span class='ocrx_word' id='word_1_89' title='bbox 726 1434 873 1516; x_wconf 85' lang='lat' dir='ltr'>proximis</span> <span class='ocrx_word' id='word_1_90' title='bbox 905 1432 1075 1513; x_wconf 80' lang='lat' dir='ltr'>praedieari</span> 
     </span>
     <span class='ocr_line' id='line_1_14' title="bbox 160 1516 1076 1598; baseline 0 -21"><span class='ocrx_word' id='word_1_91' title='bbox 160 1516 307 1579; x_wconf 88' lang='lat' dir='ltr'>iubilaeus</span> <span class='ocrx_word' id='word_1_92' title='bbox 328 1517 382 1578; x_wconf 91' lang='lat' dir='ltr'>ille</span> <span class='ocrx_word' id='word_1_93' title='bbox 391 1516 648 1598; x_wconf 86' lang='lat' dir='ltr'>indulgentiarum</span> <span class='ocrx_word' id='word_1_94' title='bbox 666 1516 914 1597; x_wconf 78' lang='lat' dir='ltr'>apostolicarum,</span> <span class='ocrx_word' id='word_1_95' title='bbox 934 1518 1076 1596; x_wconf 74' lang='lat' dir='ltr'>prolenis-</span> 
     </span>
     <span class='ocr_line' id='line_1_15' title="bbox 93 1596 1076 1680; baseline 0 -19"><span class='ocrx_word' id='word_1_96' title='bbox 93 1673 94 1676; x_wconf 12' lang='lat'>,</span> <span class='ocrx_word' id='word_1_97' title='bbox 160 1620 216 1680; x_wconf 88' lang='lat' dir='ltr'>que</span> <span class='ocrx_word' id='word_1_98' title='bbox 235 1599 334 1676; x_wconf 86' lang='lat' dir='ltr'>adeo,</span> <span class='ocrx_word' id='word_1_99' title='bbox 363 1607 396 1661; x_wconf 88' lang='lat' dir='ltr'>ut</span> <span class='ocrx_word' id='word_1_100' title='bbox 417 1618 588 1680; x_wconf 80' lang='lat' dir='ltr'>praecones</span> <span class='ocrx_word' id='word_1_101' title='bbox 609 1600 691 1661; x_wconf 92' lang='lat' dir='ltr'>illius</span> <span class='ocrx_word' id='word_1_102' title='bbox 714 1596 769 1659; x_wconf 90' lang='lat' dir='ltr'>sub</span> <span class='ocrx_word' id='word_1_103' title='bbox 798 1600 840 1658; x_wconf 91' lang='lat' dir='ltr'>tui</span> <span class='ocrx_word' id='word_1_104' title='bbox 864 1602 996 1660; x_wconf 89' lang='lat' dir='ltr'>nominis</span> <span class='ocrx_word' id='word_1_105' title='bbox 1017 1607 1076 1661; x_wconf 89' lang='lat' dir='ltr'>ter·</span> 
     </span>
     <span class='ocr_line' id='line_1_16' title="bbox 159 1682 1075 1763; baseline -0.001 -18"><span class='ocrx_word' id='word_1_106' title='bbox 159 1702 224 1745; x_wconf 88' lang='lat' dir='ltr'>rore</span> <span class='ocrx_word' id='word_1_107' title='bbox 246 1684 356 1744; x_wconf 90' lang='lat' dir='ltr'>omnia</span> <span class='ocrx_word' id='word_1_108' title='bbox 376 1682 435 1743; x_wconf 89' lang='lat' dir='ltr'>sibi</span> <span class='ocrx_word' id='word_1_109' title='bbox 456 1682 551 1743; x_wconf 86' lang='lat' dir='ltr'>lieere</span> <span class='ocrx_word' id='word_1_110' title='bbox 571 1690 724 1763; x_wconf 79' lang='lat' dir='ltr'>putantes,</span> <span class='ocrx_word' id='word_1_111' title='bbox 747 1682 927 1761; x_wconf 86' lang='lat' dir='ltr'>impiissima</span> <span class='ocrx_word' id='word_1_112' title='bbox 947 1682 1075 1744; x_wconf 56' lang='lat' dir='ltr'>haereti*</span> 
     </span>
     <span class='ocr_line' id='line_1_17' title="bbox 93 1764 1075 1846; baseline 0.002 -21"><span class='ocrx_word' id='word_1_113' title='bbox 93 1773 94 1844; x_wconf 73' lang='lat' dir='ltr'>j</span> <span class='ocrx_word' id='word_1_114' title='bbox 133 1785 254 1846; x_wconf 65' lang='lat' dir='ltr'>,eaque</span> <span class='ocrx_word' id='word_1_115' title='bbox 273 1766 379 1845; x_wconf 87' lang='lat' dir='ltr'>palam</span> <span class='ocrx_word' id='word_1_116' title='bbox 400 1764 550 1827; x_wconf 77' lang='lat' dir='ltr'>studerent</span> <span class='ocrx_word' id='word_1_117' title='bbox 571 1765 694 1843; x_wconf 87' lang='lat' dir='ltr'>dooere,</span> <span class='ocrx_word' id='word_1_118' title='bbox 715 1766 745 1825; x_wconf 89' lang='lat' dir='ltr'>in</span> <span class='ocrx_word' id='word_1_119' title='bbox 760 1766 971 1845; x_wconf 85' lang='lat' dir='ltr'>gravissimum</span> <span class='ocrx_word' id='word_1_120' title='bbox 989 1783 1075 1827; x_wconf 87' lang='lat' dir='ltr'>aean·</span> 
     </span>
     <span class='ocr_line' id='line_1_18' title="bbox 159 1847 1076 1927; baseline -0.002 -17"><span class='ocrx_word' id='word_1_121' title='bbox 159 1849 257 1917; x_wconf 88' lang='lat' dir='ltr'>delum</span> <span class='ocrx_word' id='word_1_122' title='bbox 277 1855 311 1909; x_wconf 88' lang='lat' dir='ltr'>et</span> <span class='ocrx_word' id='word_1_123' title='bbox 332 1847 494 1910; x_wconf 85' lang='lat' dir='ltr'>ludibrium</span> <span class='ocrx_word' id='word_1_124' title='bbox 524 1848 754 1909; x_wconf 86' lang='lat' dir='ltr'>seelesiastioae</span> <span class='ocrx_word' id='word_1_125' title='bbox 780 1850 958 1927; x_wconf 86' lang='lat' dir='ltr'>potestatis,</span> <span class='ocrx_word' id='word_1_126' title='bbox 991 1866 1029 1911; x_wconf 82' lang='lat' dir='ltr'>se</span> <span class='ocrx_word' id='word_1_127' title='bbox 1050 1848 1076 1909; x_wconf 86' lang='lat' dir='ltr'>si</span> 
     </span>
     <span class='ocr_line' id='line_1_19' title="bbox 93 1930 1075 2012; baseline -0.002 -19"><span class='ocrx_word' id='word_1_128' title='bbox 93 2009 95 2012; x_wconf 16' lang='grc' dir='ltr'>Ι</span> <span class='ocrx_word' id='word_1_129' title='bbox 160 1932 328 1993; x_wconf 73' lang='lat' dir='ltr'>decretales</span> <span class='ocrx_word' id='word_1_130' title='bbox 350 1930 390 1992; x_wconf 90' lang='lat' dir='ltr'>de</span> <span class='ocrx_word' id='word_1_131' title='bbox 413 1931 613 1993; x_wconf 74' lang='lat' dir='ltr'>abusionibus</span> <span class='ocrx_word' id='word_1_132' title='bbox 634 1938 829 2011; x_wconf 85' lang='lat' dir='ltr'>quaestorum</span> <span class='ocrx_word' id='word_1_133' title='bbox 859 1931 933 1991; x_wconf 88' lang='lat' dir='ltr'>nibil</span> <span class='ocrx_word' id='word_1_134' title='bbox 959 1931 998 1991; x_wconf 88' lang='lat' dir='ltr'>ed</span> <span class='ocrx_word' id='word_1_135' title='bbox 1020 1950 1075 1993; x_wconf 90' lang='lat' dir='ltr'>eos</span> 
     </span>
     <span class='ocr_line' id='line_1_20' title="bbox 160 2014 1076 2097; baseline -0.001 -21"><span class='ocrx_word' id='word_1_136' title='bbox 160 2016 356 2097; x_wconf 86' lang='lat' dir='ltr'>pertinerent.</span> <span class='ocrx_word' id='word_1_137' title='bbox 397 2014 463 2075; x_wconf 82' lang='lat' dir='ltr'>Nee</span> <span class='ocrx_word' id='word_1_138' title='bbox 484 2016 637 2093; x_wconf 68' lang='lat' dir='ltr'>cosmati,</span> <span class='ocrx_word' id='word_1_139' title='bbox 670 2014 752 2095; x_wconf 90' lang='lat' dir='ltr'>quod</span> <span class='ocrx_word' id='word_1_140' title='bbox 786 2014 947 2074; x_wconf 85' lang='lat' dir='ltr'>liberrimis</span> <span class='ocrx_word' id='word_1_141' title='bbox 975 2015 1076 2075; x_wconf 88' lang='lat' dir='ltr'>verbis</span> 
     </span>
     <span class='ocr_line' id='line_1_21' title="bbox 95 2096 1080 2178; baseline -0.002 -18"><span class='ocrx_word' id='word_1_142' title='bbox 95 2096 96 2099; x_wconf 66' lang='grc'>’</span> <span class='ocrx_word' id='word_1_143' title='bbox 159 2100 232 2160; x_wconf 84' lang='lat' dir='ltr'>haee</span> <span class='ocrx_word' id='word_1_144' title='bbox 254 2116 312 2160; x_wconf 88' lang='lat' dir='ltr'>sue</span> <span class='ocrx_word' id='word_1_145' title='bbox 332 2116 455 2159; x_wconf 86' lang='lat' dir='ltr'>venena</span> <span class='ocrx_word' id='word_1_146' title='bbox 476 2096 696 2176; x_wconf 80' lang='lat' dir='ltr'>diffunderent,</span> <span class='ocrx_word' id='word_1_147' title='bbox 724 2098 850 2178; x_wconf 83' lang='lat' dir='ltr'>insuper</span> <span class='ocrx_word' id='word_1_148' title='bbox 871 2096 992 2158; x_wconf 86' lang='lat' dir='ltr'>libellos</span> <span class='ocrx_word' id='word_1_149' title='bbox 1015 2097 1080 2158; x_wconf 85' lang='lat' dir='ltr'>edi-¹</span> 
     </span>
     <span class='ocr_line' id='line_1_22' title="bbox 95 2180 1074 2262; baseline -0.002 -18"><span class='ocrx_word' id='word_1_150' title='bbox 95 2181 96 2186; x_wconf 68' lang='grc'>’</span> <span class='ocrx_word' id='word_1_151' title='bbox 162 2183 265 2244; x_wconf 85' lang='lat' dir='ltr'>derunt</span> <span class='ocrx_word' id='word_1_152' title='bbox 288 2188 320 2242; x_wconf 88' lang='lat' dir='ltr'>et</span> <span class='ocrx_word' id='word_1_153' title='bbox 331 2183 363 2241; x_wconf 89' lang='lat' dir='ltr'>in</span> <span class='ocrx_word' id='word_1_154' title='bbox 375 2181 501 2262; x_wconf 86' lang='lat' dir='ltr'>vulgum</span> <span class='ocrx_word' id='word_1_155' title='bbox 512 2188 699 2262; x_wconf 83' lang='lat' dir='ltr'>eparsemnt,</span> <span class='ocrx_word' id='word_1_156' title='bbox 721 2180 886 2260; x_wconf 86' lang='lat' dir='ltr'>inquibus,</span> <span class='ocrx_word' id='word_1_157' title='bbox 907 2187 941 2241; x_wconf 93' lang='lat' dir='ltr'>ut</span> <span class='ocrx_word' id='word_1_158' title='bbox 956 2189 1074 2242; x_wconf 84' lang='lat' dir='ltr'>teneam</span> 
     </span>
     <span class='ocr_line' id='line_1_23' title="bbox 160 2263 1075 2344; baseline -0.002 -18"><span class='ocrx_word' id='word_1_159' title='bbox 160 2264 363 2326; x_wconf 88' lang='lat' dir='ltr'>insatiabilem</span> <span class='ocrx_word' id='word_1_160' title='bbox 386 2271 418 2326; x_wconf 88' lang='lat' dir='ltr'>et</span> <span class='ocrx_word' id='word_1_161' title='bbox 436 2264 604 2337; x_wconf 84' lang='lat' dir='ltr'>inauditam</span> <span class='ocrx_word' id='word_1_162' title='bbox 632 2265 806 2342; x_wconf 86' lang='lat' dir='ltr'>avaritiam,</span> <span class='ocrx_word' id='word_1_163' title='bbox 842 2281 931 2343; x_wconf 88' lang='lat' dir='ltr'>quam</span> <span class='ocrx_word' id='word_1_164' title='bbox 965 2263 1075 2344; x_wconf 90' lang='lat' dir='ltr'>singuli</span> 
     </span>
     <span class='ocr_line' id='line_1_24' title="bbox 160 2346 1077 2430; baseline -0.004 -20"><span class='ocrx_word' id='word_1_165' title='bbox 160 2366 235 2430; x_wconf 92' lang='lat' dir='ltr'>pene</span> <span class='ocrx_word' id='word_1_166' title='bbox 256 2348 365 2427; x_wconf 79' lang='lat' dir='ltr'>apices</span> <span class='ocrx_word' id='word_1_167' title='bbox 385 2347 473 2409; x_wconf 87' lang='lat' dir='ltr'>olent</span> <span class='ocrx_word' id='word_1_168' title='bbox 493 2348 697 2424; x_wconf 84' lang='lat' dir='ltr'>oressiseime,</span> <span class='ocrx_word' id='word_1_169' title='bbox 724 2347 832 2408; x_wconf 88' lang='lat' dir='ltr'>eadem</span> <span class='ocrx_word' id='word_1_170' title='bbox 854 2346 908 2407; x_wconf 85' lang='lat' dir='ltr'>ille</span> <span class='ocrx_word' id='word_1_171' title='bbox 928 2347 1024 2425; x_wconf 88' lang='lat' dir='ltr'>impia</span> <span class='ocrx_word' id='word_1_172' title='bbox 1046 2353 1077 2406; x_wconf 86' lang='lat' dir='ltr'>et</span> 
     </span>
     <span class='ocr_line' id='line_1_25' title="bbox 159 2430 1078 2508; baseline -0.004 -17"><span class='ocrx_word' id='word_1_173' title='bbox 159 2431 312 2492; x_wconf 86' lang='lat' dir='ltr'>baeretiea</span> <span class='ocrx_word' id='word_1_174' title='bbox 328 2436 509 2506; x_wconf 78' lang='lat' dir='ltr'>statuerunt,</span> <span class='ocrx_word' id='word_1_175' title='bbox 531 2438 564 2491; x_wconf 87' lang='lat' dir='ltr'>et</span> <span class='ocrx_word' id='word_1_176' title='bbox 574 2431 620 2490; x_wconf 90' lang='lat' dir='ltr'>ita</span> <span class='ocrx_word' id='word_1_177' title='bbox 629 2436 813 2508; x_wconf 87' lang='lat' dir='ltr'>statuerunt,</span> <span class='ocrx_word' id='word_1_178' title='bbox 835 2435 868 2489; x_wconf 89' lang='lat' dir='ltr'>ut</span> <span class='ocrx_word' id='word_1_179' title='bbox 882 2430 1078 2490; x_wconf 85' lang='lat' dir='ltr'>oonlessoras</span> 
     </span>
     <span class='ocr_line' id='line_1_26' title="bbox 160 2511 1077 2593; baseline -0.001 -20"><span class='ocrx_word' id='word_1_180' title='bbox 160 2516 327 2576; x_wconf 88' lang='lat' dir='ltr'>iuramento</span> <span class='ocrx_word' id='word_1_181' title='bbox 349 2512 524 2593; x_wconf 84' lang='lat' dir='ltr'>adigerent,</span> <span class='ocrx_word' id='word_1_182' title='bbox 559 2531 621 2592; x_wconf 89' lang='lat' dir='ltr'>quo</span> <span class='ocrx_word' id='word_1_183' title='bbox 649 2513 727 2574; x_wconf 86' lang='lat' dir='ltr'>baee</span> <span class='ocrx_word' id='word_1_184' title='bbox 747 2515 814 2593; x_wconf 89' lang='lat' dir='ltr'>ipsa</span> <span class='ocrx_word' id='word_1_185' title='bbox 834 2511 1012 2572; x_wconf 83' lang='lat' dir='ltr'>fidelissime</span> <span class='ocrx_word' id='word_1_186' title='bbox 1032 2513 1077 2572; x_wconf 91' lang='lat' dir='ltr'>in·</span> 
     </span>
     <span class='ocr_line' id='line_1_27' title="bbox 160 2596 759 2678; baseline -0.007 -20"><span class='ocrx_word' id='word_1_187' title='bbox 160 2596 405 2674; x_wconf 85' lang='lat' dir='ltr'>stentissimeque</span> <span class='ocrx_word' id='word_1_188' title='bbox 425 2596 542 2678; x_wconf 91' lang='lat' dir='ltr'>populo</span> <span class='ocrx_word' id='word_1_189' title='bbox 563 2596 759 2657; x_wconf 81' lang='lat' dir='ltr'>inoulearent</span> 
     </span>
    </p>

    <p class='ocr_par' dir='ltr' id='par_1_6' title="bbox 240 2677 1076 2758">
     <span class='ocr_line' id='line_1_28' title="bbox 240 2677 1076 2758; baseline -0.001 -19"><span class='ocrx_word' id='word_1_190' title='bbox 240 2679 324 2739; x_wconf 86' lang='lat' dir='ltr'>Vera</span> <span class='ocrx_word' id='word_1_191' title='bbox 343 2677 426 2754; x_wconf 84' lang='lat' dir='ltr'>dieo,</span> <span class='ocrx_word' id='word_1_192' title='bbox 447 2697 506 2739; x_wconf 89' lang='lat' dir='ltr'>nee</span> <span class='ocrx_word' id='word_1_193' title='bbox 526 2685 582 2756; x_wconf 86' lang='lat' dir='ltr'>est,</span> <span class='ocrx_word' id='word_1_194' title='bbox 604 2697 665 2758; x_wconf 89' lang='lat' dir='ltr'>quo</span> <span class='ocrx_word' id='word_1_195' title='bbox 688 2697 722 2739; x_wconf 91' lang='lat' dir='ltr'>se</span> <span class='ocrx_word' id='word_1_196' title='bbox 734 2677 927 2739; x_wconf 88' lang='lat' dir='ltr'>ebsoondant</span> <span class='ocrx_word' id='word_1_197' title='bbox 941 2698 960 2736; x_wconf 89' lang='lat' dir='ltr'>a</span> <span class='ocrx_word' id='word_1_198' title='bbox 973 2677 1076 2738; x_wconf 83' lang='lat' dir='ltr'>ealdre</span> 
     </span>
    </p>
   </div>
   <div class='ocr_carea' id='block_1_5' title="bbox 161 2760 1185 2842">
    <p class='ocr_par' dir='ltr' id='par_1_7' title="bbox 161 2760 1185 2842">
     <span class='ocr_line' id='line_1_29' title="bbox 161 2760 1185 2842; baseline -0.004 -19"><span class='ocrx_word' id='word_1_199' title='bbox 161 2763 225 2824; x_wconf 92' lang='lat' dir='ltr'>boe.</span> <span class='ocrx_word' id='word_1_200' title='bbox 246 2762 382 2822; x_wconf 79' lang='lat' dir='ltr'>Exstant</span> <span class='ocrx_word' id='word_1_201' title='bbox 399 2760 505 2839; x_wconf 91' lang='lat' dir='ltr'>libelli,</span> <span class='ocrx_word' id='word_1_202' title='bbox 527 2781 587 2822; x_wconf 90' lang='lat' dir='ltr'>nee</span> <span class='ocrx_word' id='word_1_203' title='bbox 602 2769 869 2842; x_wconf 84' lang='lat' dir='ltr'>possuntnegere.</span> <span class='ocrx_word' id='word_1_204' title='bbox 899 2760 1079 2840; x_wconf 82' lang='lat' dir='ltr'>Agebantur</span> <span class='ocrx_word' id='word_1_205' title='bbox 1183 2761 1185 2766; x_wconf 85' lang='lat'>&#39;</span> 
     </span>
    </p>
   </div>
   <div class='ocr_carea' id='block_1_6' title="bbox 163 2841 1127 3588">
    <p class='ocr_par' dir='ltr' id='par_1_8' title="bbox 163 2841 1082 3172">
     <span class='ocr_line' id='line_1_30' title="bbox 163 2841 1076 2925; baseline 0 -21"><span class='ocrx_word' id='word_1_206' title='bbox 163 2854 220 2905; x_wconf 89' lang='lat' dir='ltr'>tum</span> <span class='ocrx_word' id='word_1_207' title='bbox 243 2845 300 2905; x_wconf 88' lang='lat' dir='ltr'>ille</span> <span class='ocrx_word' id='word_1_208' title='bbox 330 2862 493 2925; x_wconf 75' lang='lat' dir='ltr'>prospere,</span> <span class='ocrx_word' id='word_1_209' title='bbox 533 2852 566 2905; x_wconf 89' lang='lat' dir='ltr'>et</span> <span class='ocrx_word' id='word_1_210' title='bbox 595 2845 823 2925; x_wconf 86' lang='lat' dir='ltr'>exsugebantur</span> <span class='ocrx_word' id='word_1_211' title='bbox 853 2843 959 2924; x_wconf 92' lang='lat' dir='ltr'>populi</span> <span class='ocrx_word' id='word_1_212' title='bbox 992 2841 1076 2904; x_wconf 86' lang='lat' dir='ltr'>falsis</span> 
     </span>
     <span class='ocr_line' id='line_1_31' title="bbox 164 2926 1075 3008; baseline -0.005 -18"><span class='ocrx_word' id='word_1_213' title='bbox 164 2928 280 3008; x_wconf 84' lang='lat' dir='ltr'>spebus,</span> <span class='ocrx_word' id='word_1_214' title='bbox 302 2934 335 2987; x_wconf 88' lang='lat' dir='ltr'>et</span> <span class='ocrx_word' id='word_1_215' title='bbox 354 2932 390 2988; x_wconf 90' lang='lat' dir='ltr'>ut</span> <span class='ocrx_word' id='word_1_216' title='bbox 409 2926 602 3008; x_wconf 71' lang='lat' dir='ltr'>propbeta⁶t</span> <span class='ocrx_word' id='word_1_217' title='bbox 621 2928 681 2988; x_wconf 88' lang='lat' dir='ltr'>ait:</span> <span class='ocrx_word' id='word_1_218' title='bbox 703 2927 832 2990; x_wconf 81' lang='lat' dir='ltr'>Carnem</span> <span class='ocrx_word' id='word_1_219' title='bbox 848 2927 980 3006; x_wconf 87' lang='lat' dir='ltr'>desuper</span> <span class='ocrx_word' id='word_1_220' title='bbox 1001 2927 1075 2987; x_wconf 89' lang='lat' dir='ltr'>osei-</span> 
     </span>
     <span class='ocr_line' id='line_1_32' title="bbox 164 3008 1078 3091; baseline -0.004 -19"><span class='ocrx_word' id='word_1_221' title='bbox 164 3010 216 3072; x_wconf 90' lang='lat' dir='ltr'>bus</span> <span class='ocrx_word' id='word_1_222' title='bbox 237 3030 342 3073; x_wconf 88' lang='lat' dir='ltr'>eorum</span> <span class='ocrx_word' id='word_1_223' title='bbox 365 3008 526 3072; x_wconf 86' lang='lat' dir='ltr'>tollebant.</span> <span class='ocrx_word' id='word_1_224' title='bbox 557 3009 620 3090; x_wconf 89' lang='lat' dir='ltr'>lpsi</span> <span class='ocrx_word' id='word_1_225' title='bbox 642 3029 715 3072; x_wconf 89' lang='lat' dir='ltr'>vero</span> <span class='ocrx_word' id='word_1_226' title='bbox 738 3011 935 3091; x_wconf 87' lang='lat' dir='ltr'>pinguissime</span> <span class='ocrx_word' id='word_1_227' title='bbox 959 3015 990 3069; x_wconf 87' lang='lat' dir='ltr'>et</span> <span class='ocrx_word' id='word_1_228' title='bbox 1011 3025 1078 3069; x_wconf 88' lang='lat' dir='ltr'>sue·</span> 
     </span>
     <span class='ocr_line' id='line_1_33' title="bbox 167 3091 1082 3172; baseline -0.002 -18"><span class='ocrx_word' id='word_1_229' title='bbox 167 3095 284 3154; x_wconf 78' lang='lat' dir='ltr'>sissima</span> <span class='ocrx_word' id='word_1_230' title='bbox 303 3093 425 3153; x_wconf 83' lang='lat' dir='ltr'>interim</span> <span class='ocrx_word' id='word_1_231' title='bbox 446 3091 660 3172; x_wconf 86' lang='lat' dir='ltr'>pesoebentur.</span> <span class='ocrx_word' id='word_1_232' title='bbox 1079 3112 1082 3127; x_wconf 90' lang='lat'>·</span> 
     </span>
    </p>

    <p class='ocr_par' dir='ltr' id='par_1_9' title="bbox 170 3168 1127 3588">
     <span class='ocr_line' id='line_1_34' title="bbox 239 3168 1078 3255; baseline -0.005 -17"><span class='ocrx_word' id='word_1_233' title='bbox 239 3176 338 3238; x_wconf 89' lang='lat' dir='ltr'>Unum</span> <span class='ocrx_word' id='word_1_234' title='bbox 362 3181 442 3254; x_wconf 85' lang='lat' dir='ltr'>erat,</span> <span class='ocrx_word' id='word_1_235' title='bbox 473 3194 535 3255; x_wconf 85' lang='lat' dir='ltr'>quo</span> <span class='ocrx_word' id='word_1_236' title='bbox 557 3174 704 3239; x_wconf 80' lang='lat' dir='ltr'>seendale</span> <span class='ocrx_word' id='word_1_237' title='bbox 730 3168 937 3252; x_wconf 70' lang='lat' dir='ltr'>sedabantll,</span> <span class='ocrx_word' id='word_1_238' title='bbox 961 3174 1078 3234; x_wconf 85' lang='lat' dir='ltr'>seilieet</span> 
     </span>
     <span class='ocr_line' id='line_1_35' title="bbox 170 3257 1127 3338; baseline -0.008 -20"><span class='ocrx_word' id='word_1_239' title='bbox 170 3268 257 3319; x_wconf 87' lang='lat' dir='ltr'>terror</span> <span class='ocrx_word' id='word_1_240' title='bbox 286 3259 419 3318; x_wconf 92' lang='lat' dir='ltr'>nominis</span> <span class='ocrx_word' id='word_1_241' title='bbox 446 3260 506 3336; x_wconf 88' lang='lat' dir='ltr'>tui,</span> <span class='ocrx_word' id='word_1_242' title='bbox 538 3260 618 3338; x_wconf 86' lang='lat' dir='ltr'>ignis</span> <span class='ocrx_word' id='word_1_243' title='bbox 648 3257 846 3320; x_wconf 88' lang='lat' dir='ltr'>oomminatio</span> <span class='ocrx_word' id='word_1_244' title='bbox 874 3265 905 3318; x_wconf 91' lang='lat' dir='ltr'>et</span> <span class='ocrx_word' id='word_1_245' title='bbox 933 3257 1077 3318; x_wconf 87' lang='lat' dir='ltr'>haeretiei</span> <span class='ocrx_word' id='word_1_246' title='bbox 1122 3295 1127 3310; x_wconf 90' lang='lat'><strong>.</strong></span> 
     </span>
     <span class='ocr_line' id='line_1_36' title="bbox 172 3339 1078 3421; baseline -0.002 -21"><span class='ocrx_word' id='word_1_247' title='bbox 172 3343 292 3402; x_wconf 88' lang='lat' dir='ltr'>nominis</span> <span class='ocrx_word' id='word_1_248' title='bbox 324 3340 533 3421; x_wconf 87' lang='lat' dir='ltr'>opprobrium.</span> <span class='ocrx_word' id='word_1_249' title='bbox 590 3341 677 3402; x_wconf 87' lang='lat' dir='ltr'>Haeo</span> <span class='ocrx_word' id='word_1_250' title='bbox 708 3342 788 3402; x_wconf 89' lang='lat' dir='ltr'>enim</span> <span class='ocrx_word' id='word_1_251' title='bbox 820 3339 998 3402; x_wconf 76' lang='lat' dir='ltr'>incredibile</span> <span class='ocrx_word' id='word_1_252' title='bbox 1030 3345 1078 3399; x_wconf 85' lang='lat' dir='ltr'>est</span> 
     </span>
     <span class='ocr_line' id='line_1_37' title="bbox 174 3422 1076 3506; baseline -0.006 -22"><span class='ocrx_word' id='word_1_253' title='bbox 174 3441 251 3502; x_wconf 87' lang='lat' dir='ltr'>quem</span> <span class='ocrx_word' id='word_1_254' title='bbox 272 3425 418 3504; x_wconf 87' lang='lat' dir='ltr'>propensi</span> <span class='ocrx_word' id='word_1_255' title='bbox 441 3431 513 3484; x_wconf 85' lang='lat' dir='ltr'>sunt</span> <span class='ocrx_word' id='word_1_256' title='bbox 522 3423 554 3506; x_wconf 88' lang='lat'>²)</span> <span class='ocrx_word' id='word_1_257' title='bbox 579 3425 745 3502; x_wconf 87' lang='lat' dir='ltr'>intentare,</span> <span class='ocrx_word' id='word_1_258' title='bbox 769 3422 953 3504; x_wconf 88' lang='lat' dir='ltr'>quandoque</span> <span class='ocrx_word' id='word_1_259' title='bbox 975 3422 1076 3499; x_wconf 88' lang='lat' dir='ltr'>etiem,</span> 
     </span>
     <span class='ocr_line' id='line_1_38' title="bbox 175 3503 1075 3588; baseline -0.003 -22"><span class='ocrx_word' id='word_1_260' title='bbox 175 3507 195 3566; x_wconf 92' lang='lat' dir='ltr'>si</span> <span class='ocrx_word' id='word_1_261' title='bbox 213 3509 241 3567; x_wconf 91' lang='lat' dir='ltr'>in</span> <span class='ocrx_word' id='word_1_262' title='bbox 261 3508 351 3568; x_wconf 88' lang='lat' dir='ltr'>meris</span> <span class='ocrx_word' id='word_1_263' title='bbox 374 3507 586 3587; x_wconf 89' lang='lat' dir='ltr'>opiniosisque</span> <span class='ocrx_word' id='word_1_264' title='bbox 606 3509 695 3588; x_wconf 86' lang='lat' dir='ltr'>nugis</span> <span class='ocrx_word' id='word_1_265' title='bbox 717 3508 779 3568; x_wconf 86' lang='lat' dir='ltr'>suis</span> <span class='ocrx_word' id='word_1_266' title='bbox 801 3503 1075 3566; x_wconf 87' lang='lat' dir='ltr'>oontredietionem</span> 
     </span>
    </p>
   </div>
   <div class='ocr_carea' id='block_1_7' title="bbox 235 3786 883 3928">
    <p class='ocr_par' dir='ltr' id='par_1_10' title="bbox 235 3786 883 3928">
     <span class='ocr_line' id='line_1_39' title="bbox 235 3786 883 3928; baseline -0.006 -84"><span class='ocrx_word' id='word_1_267' title='bbox 235 3790 265 3928; x_wconf 57' lang='lat' dir='ltr'>lp</span> <span class='ocrx_word' id='word_1_268' title='bbox 282 3790 466 3917; x_wconf 37' lang='lat' dir='ltr'>&amp;cadaloum</span> <span class='ocrx_word' id='word_1_269' title='bbox 485 3787 628 3842; x_wconf 84' lang='lat' dir='ltr'>sedebant.</span> <span class='ocrx_word' id='word_1_270' title='bbox 667 3787 698 3856; x_wconf 85' lang='lat'>2)</span> <span class='ocrx_word' id='word_1_271' title='bbox 722 3786 800 3840; x_wconf 90' lang='lat' dir='ltr'>lbid.:</span> <span class='ocrx_word' id='word_1_272' title='bbox 820 3787 883 3840; x_wconf 88' lang='lat' dir='ltr'>sint.</span> 
     </span>
    </p>
   </div>
   <div class='ocr_carea' id='block_1_8' title="bbox 0 0 1315 4300">
    <p class='ocr_par' dir='ltr' id='par_1_11' title="bbox 0 0 1315 4300">
     <span class='ocr_line' id='line_1_40' title="bbox 0 0 1315 4300; baseline 0 0"><span class='ocrx_word' id='word_1_273' title='bbox 0 0 1315 4300; x_wconf 95' lang='lat' dir='ltr'> </span> 
     </span>
    </p>
   </div>
  </div>
 </body>
</html>
