<?xml version="1.0" encoding="UTF-8"?>
<!DOCTYPE html PUBLIC "-//W3C//DTD XHTML 1.0 Transitional//EN"
    "http://www.w3.org/TR/xhtml1/DTD/xhtml1-transitional.dtd">
<html xmlns="http://www.w3.org/1999/xhtml" xml:lang="en" lang="en">
 <head>
  <title>
</title>
<meta http-equiv="Content-Type" content="text/html;charset=utf-8" />
  <meta name='ocr-system' content='tesseract 3.04.00' />
  <meta name='ocr-capabilities' content='ocr_page ocr_carea ocr_par ocr_line ocrx_word'/>
</head>
<body>
  <div class='ocr_page' id='page_1' title='image "./operalatinavari06schmgoog_0463.png"; bbox 0 0 2600 4300; ppageno 0'>
   <div class='ocr_carea' id='block_1_1' title="bbox 531 325 1094 394">
    <p class='ocr_par' dir='ltr' id='par_1_1' title="bbox 531 325 1094 394">
     <span class='ocr_line' id='line_1_1' title="bbox 531 325 1094 394; baseline -0.007 -14"><span class='ocrx_word' id='word_1_1' title='bbox 531 325 568 380; x_wconf 78' lang='lat' dir='ltr'>ad</span> <span class='ocrx_word' id='word_1_2' title='bbox 586 327 705 380; x_wconf 77' lang='lat' dir='ltr'>Leonem</span> <span class='ocrx_word' id='word_1_3' title='bbox 725 325 760 381; x_wconf 78' lang='lat' dir='ltr'>X.</span> <span class='ocrx_word' id='word_1_4' title='bbox 1032 325 1094 394; x_wconf 76' lang='lat'>453</span> 
     </span>
    </p>
   </div>
   <div class='ocr_carea' id='block_1_2' title="bbox 159 493 1181 3809">
    <p class='ocr_par' dir='ltr' id='par_1_2' title="bbox 159 493 1181 1802">
     <span class='ocr_line' id='line_1_2' title="bbox 254 493 1096 577; baseline 0.002 -21"><span class='ocrx_word' id='word_1_5' title='bbox 254 493 319 556; x_wconf 78' lang='lat' dir='ltr'>esd</span> <span class='ocrx_word' id='word_1_6' title='bbox 341 496 415 575; x_wconf 81' lang='lat' dir='ltr'>quid</span> <span class='ocrx_word' id='word_1_7' title='bbox 436 515 549 577; x_wconf 80' lang='lat' dir='ltr'>agam,</span> <span class='ocrx_word' id='word_1_8' title='bbox 571 497 700 560; x_wconf 85' lang='lat' dir='ltr'>Beatiss.</span> <span class='ocrx_word' id='word_1_9' title='bbox 730 497 848 558; x_wconf 82' lang='lat' dir='ltr'>Pater?</span> <span class='ocrx_word' id='word_1_10' title='bbox 882 497 993 574; x_wconf 77' lang='lat' dir='ltr'>desunt</span> <span class='ocrx_word' id='word_1_11' title='bbox 1023 495 1096 558; x_wconf 85' lang='lat' dir='ltr'>mihi</span> 
     </span>
     <span class='ocr_line' id='line_1_3' title="bbox 162 577 1095 659; baseline 0.002 -21"><span class='ocrx_word' id='word_1_12' title='bbox 162 577 303 638; x_wconf 80' lang='lat' dir='ltr'>oonsilio</span> <span class='ocrx_word' id='word_1_13' title='bbox 332 598 468 659; x_wconf 83' lang='lat' dir='ltr'>prorsus.</span> <span class='ocrx_word' id='word_1_14' title='bbox 499 579 688 642; x_wconf 83' lang='lat' dir='ltr'>Potestatem</span> <span class='ocrx_word' id='word_1_15' title='bbox 715 583 781 644; x_wconf 88' lang='lat' dir='ltr'>iras</span> <span class='ocrx_word' id='word_1_16' title='bbox 820 587 892 640; x_wconf 87' lang='lat' dir='ltr'>tuse</span> <span class='ocrx_word' id='word_1_17' title='bbox 919 581 998 642; x_wconf 80' lang='lat' dir='ltr'>serre</span> <span class='ocrx_word' id='word_1_18' title='bbox 1032 598 1095 642; x_wconf 88' lang='lat' dir='ltr'>non</span> 
     </span>
     <span class='ocr_line' id='line_1_4' title="bbox 159 663 1157 744; baseline 0.004 -24"><span class='ocrx_word' id='word_1_19' title='bbox 159 677 310 740; x_wconf 80' lang='lat' dir='ltr'>possum,</span> <span class='ocrx_word' id='word_1_20' title='bbox 332 670 364 724; x_wconf 89' lang='lat' dir='ltr'>et</span> <span class='ocrx_word' id='word_1_21' title='bbox 384 682 446 742; x_wconf 86' lang='lat' dir='ltr'>quo</span> <span class='ocrx_word' id='word_1_22' title='bbox 459 663 551 725; x_wconf 88' lang='lat' dir='ltr'>modo</span> <span class='ocrx_word' id='word_1_23' title='bbox 564 666 687 743; x_wconf 81' lang='lat' dir='ltr'>eripiar,</span> <span class='ocrx_word' id='word_1_24' title='bbox 709 665 830 744; x_wconf 83' lang='lat' dir='ltr'>ignoro.</span> <span class='ocrx_word' id='word_1_25' title='bbox 852 664 1093 724; x_wconf 86' lang='lat' dir='ltr'>Revooationem</span> <span class='ocrx_word' id='word_1_26' title='bbox 1151 679 1157 692; x_wconf 57' lang='lat'>¹</span> 
     </span>
     <span class='ocr_line' id='line_1_5' title="bbox 163 744 1095 828; baseline 0.002 -24"><span class='ocrx_word' id='word_1_27' title='bbox 163 744 356 824; x_wconf 83' lang='lat' dir='ltr'>expostulor</span> <span class='ocrx_word' id='word_1_28' title='bbox 381 746 622 826; x_wconf 84' lang='lat' dir='ltr'>Disputationis‚</span> <span class='ocrx_word' id='word_1_29' title='bbox 657 765 737 825; x_wconf 85' lang='lat' dir='ltr'>quae</span> <span class='ocrx_word' id='word_1_30' title='bbox 765 748 791 807; x_wconf 91' lang='lat' dir='ltr'>si</span> <span class='ocrx_word' id='word_1_31' title='bbox 819 748 850 806; x_wconf 92' lang='lat' dir='ltr'>id</span> <span class='ocrx_word' id='word_1_32' title='bbox 872 754 980 828; x_wconf 89' lang='lat' dir='ltr'>posset</span> <span class='ocrx_word' id='word_1_33' title='bbox 1010 765 1095 826; x_wconf 86' lang='lat' dir='ltr'>pras-</span> 
     </span>
     <span class='ocr_line' id='line_1_6' title="bbox 163 827 1095 911; baseline 0.004 -25"><span class='ocrx_word' id='word_1_34' title='bbox 163 831 264 905; x_wconf 81' lang='lat' dir='ltr'>stare,</span> <span class='ocrx_word' id='word_1_35' title='bbox 286 827 371 907; x_wconf 87' lang='lat' dir='ltr'>quod</span> <span class='ocrx_word' id='word_1_36' title='bbox 392 848 448 910; x_wconf 83' lang='lat' dir='ltr'>per</span> <span class='ocrx_word' id='word_1_37' title='bbox 469 849 539 890; x_wconf 82' lang='lat' dir='ltr'>eam</span> <span class='ocrx_word' id='word_1_38' title='bbox 550 832 713 909; x_wconf 84' lang='lat' dir='ltr'>quaeritur,</span> <span class='ocrx_word' id='word_1_39' title='bbox 738 831 804 890; x_wconf 88' lang='lat' dir='ltr'>sine</span> <span class='ocrx_word' id='word_1_40' title='bbox 825 849 913 890; x_wconf 87' lang='lat' dir='ltr'>mors</span> <span class='ocrx_word' id='word_1_41' title='bbox 935 847 996 911; x_wconf 85' lang='lat' dir='ltr'>ego</span> <span class='ocrx_word' id='word_1_42' title='bbox 1010 848 1095 909; x_wconf 84' lang='lat' dir='ltr'>prae·</span> 
     </span>
     <span class='ocr_line' id='line_1_7' title="bbox 163 911 1095 994; baseline 0.005 -26"><span class='ocrx_word' id='word_1_43' title='bbox 163 914 285 970; x_wconf 82' lang='lat' dir='ltr'>starem</span> <span class='ocrx_word' id='word_1_44' title='bbox 307 929 387 972; x_wconf 88' lang='lat' dir='ltr'>eam.</span> <span class='ocrx_word' id='word_1_45' title='bbox 408 912 498 972; x_wconf 80' lang='lat' dir='ltr'>Nune</span> <span class='ocrx_word' id='word_1_46' title='bbox 520 921 634 987; x_wconf 88' lang='lat' dir='ltr'>sutem,</span> <span class='ocrx_word' id='word_1_47' title='bbox 657 932 726 973; x_wconf 86' lang='lat' dir='ltr'>oum</span> <span class='ocrx_word' id='word_1_48' title='bbox 742 911 956 974; x_wconf 66' lang='lat' dir='ltr'>resistentibus</span> <span class='ocrx_word' id='word_1_49' title='bbox 978 922 1009 974; x_wconf 88' lang='lat' dir='ltr'>et</span> <span class='ocrx_word' id='word_1_50' title='bbox 1030 931 1095 994; x_wconf 85' lang='lat' dir='ltr'>pre·</span> 
     </span>
     <span class='ocr_line' id='line_1_8' title="bbox 164 993 1181 1077; baseline 0.002 -25"><span class='ocrx_word' id='word_1_51' title='bbox 164 993 325 1054; x_wconf 88' lang='lat' dir='ltr'>mentibus</span> <span class='ocrx_word' id='word_1_52' title='bbox 356 994 539 1056; x_wconf 82' lang='lat' dir='ltr'>adversariis</span> <span class='ocrx_word' id='word_1_53' title='bbox 575 997 700 1076; x_wconf 72' lang='lat' dir='ltr'>scripta·</span> <span class='ocrx_word' id='word_1_54' title='bbox 721 1015 792 1057; x_wconf 88' lang='lat' dir='ltr'>mes</span> <span class='ocrx_word' id='word_1_55' title='bbox 818 997 908 1056; x_wconf 87' lang='lat' dir='ltr'>latius</span> <span class='ocrx_word' id='word_1_56' title='bbox 937 1005 1095 1077; x_wconf 73' lang='lat' dir='ltr'>vagentur,</span> <span class='ocrx_word' id='word_1_57' title='bbox 1177 995 1181 1000; x_wconf 79' lang='grc'><strong>’</strong></span> 
     </span>
     <span class='ocr_line' id='line_1_9' title="bbox 163 1077 1094 1159; baseline 0.002 -23"><span class='ocrx_word' id='word_1_58' title='bbox 163 1093 265 1154; x_wconf 88' lang='lat' dir='ltr'>quam</span> <span class='ocrx_word' id='word_1_59' title='bbox 288 1095 422 1156; x_wconf 88' lang='lat' dir='ltr'>unquam</span> <span class='ocrx_word' id='word_1_60' title='bbox 444 1097 652 1158; x_wconf 74' lang='lat' dir='ltr'><strong>speraveram,</strong></span> <span class='ocrx_word' id='word_1_61' title='bbox 675 1079 765 1138; x_wconf 86' lang='lat' dir='ltr'>simul</span> <span class='ocrx_word' id='word_1_62' title='bbox 786 1078 966 1159; x_wconf 84' lang='lat' dir='ltr'>profundius</span> <span class='ocrx_word' id='word_1_63' title='bbox 991 1077 1094 1138; x_wconf 86' lang='lat' dir='ltr'>haese-</span> 
     </span>
     <span class='ocr_line' id='line_1_10' title="bbox 163 1159 1095 1242; baseline 0.003 -25"><span class='ocrx_word' id='word_1_64' title='bbox 163 1159 232 1218; x_wconf 86' lang='lat' dir='ltr'>rint</span> <span class='ocrx_word' id='word_1_65' title='bbox 250 1159 450 1240; x_wconf 85' lang='lat' dir='ltr'>plurimorum</span> <span class='ocrx_word' id='word_1_66' title='bbox 473 1163 602 1239; x_wconf 85' lang='lat' dir='ltr'>animis,</span> <span class='ocrx_word' id='word_1_67' title='bbox 630 1179 722 1242; x_wconf 90' lang='lat' dir='ltr'>quam</span> <span class='ocrx_word' id='word_1_68' title='bbox 752 1171 785 1222; x_wconf 93' lang='lat' dir='ltr'>ut</span> <span class='ocrx_word' id='word_1_69' title='bbox 806 1164 943 1242; x_wconf 67' lang='lat' dir='ltr'>sevocari</span> <span class='ocrx_word' id='word_1_70' title='bbox 967 1163 1095 1240; x_wconf 77' lang='lat' dir='ltr'>possint,</span> 
     </span>
     <span class='ocr_line' id='line_1_11' title="bbox 163 1243 1096 1324; baseline 0.004 -24"><span class='ocrx_word' id='word_1_71' title='bbox 163 1243 245 1320; x_wconf 88' lang='lat' dir='ltr'>quin</span> <span class='ocrx_word' id='word_1_72' title='bbox 267 1260 337 1302; x_wconf 80' lang='lat' dir='ltr'>eum</span> <span class='ocrx_word' id='word_1_73' title='bbox 358 1243 525 1308; x_wconf 81' lang='lat' dir='ltr'>Germanis</span> <span class='ocrx_word' id='word_1_74' title='bbox 545 1253 653 1306; x_wconf 86' lang='lat' dir='ltr'>nostra</span> <span class='ocrx_word' id='word_1_75' title='bbox 674 1245 766 1306; x_wconf 86' lang='lat' dir='ltr'>hodie</span> <span class='ocrx_word' id='word_1_76' title='bbox 788 1246 863 1304; x_wconf 84' lang='lat' dir='ltr'>mire</span> <span class='ocrx_word' id='word_1_77' title='bbox 882 1243 991 1306; x_wconf 85' lang='lat' dir='ltr'>floreat</span> <span class='ocrx_word' id='word_1_78' title='bbox 1014 1246 1096 1324; x_wconf 81' lang='lat' dir='ltr'>inge·</span> 
     </span>
     <span class='ocr_line' id='line_1_12' title="bbox 165 1325 1095 1404; baseline 0.004 -20"><span class='ocrx_word' id='word_1_79' title='bbox 165 1325 241 1402; x_wconf 85' lang='lat' dir='ltr'>niis,</span> <span class='ocrx_word' id='word_1_80' title='bbox 264 1325 447 1403; x_wconf 68' lang='lat' dir='ltr'>eruditione,</span> <span class='ocrx_word' id='word_1_81' title='bbox 468 1326 592 1404; x_wconf 76' lang='lat' dir='ltr'>iudicio,</span> <span class='ocrx_word' id='word_1_82' title='bbox 613 1330 640 1388; x_wconf 91' lang='lat' dir='ltr'>si</span> <span class='ocrx_word' id='word_1_83' title='bbox 653 1327 824 1388; x_wconf 83' lang='lat' dir='ltr'>Romanam</span> <span class='ocrx_word' id='word_1_84' title='bbox 838 1328 1000 1388; x_wconf 81' lang='lat' dir='ltr'>eeclesiam</span> <span class='ocrx_word' id='word_1_85' title='bbox 1022 1326 1095 1388; x_wconf 87' lang='lat' dir='ltr'>volo</span> 
     </span>
     <span class='ocr_line' id='line_1_13' title="bbox 164 1407 1095 1490; baseline 0.003 -23"><span class='ocrx_word' id='word_1_86' title='bbox 164 1407 343 1487; x_wconf 80' lang='lat' dir='ltr'>bonorare,</span> <span class='ocrx_word' id='word_1_87' title='bbox 375 1408 408 1468; x_wconf 91' lang='lat' dir='ltr'>id</span> <span class='ocrx_word' id='word_1_88' title='bbox 430 1411 503 1470; x_wconf 87' lang='lat' dir='ltr'>mibi</span> <span class='ocrx_word' id='word_1_89' title='bbox 532 1429 625 1490; x_wconf 89' lang='lat' dir='ltr'>quam</span> <span class='ocrx_word' id='word_1_90' title='bbox 647 1412 781 1471; x_wconf 82' lang='lat' dir='ltr'>maxime</span> <span class='ocrx_word' id='word_1_91' title='bbox 804 1410 970 1470; x_wconf 79' lang='lat' dir='ltr'>curandum</span> <span class='ocrx_word' id='word_1_92' title='bbox 993 1410 1095 1485; x_wconf 85' lang='lat' dir='ltr'>video,</span> 
     </span>
     <span class='ocr_line' id='line_1_14' title="bbox 164 1491 1096 1570; baseline 0.002 -20"><span class='ocrx_word' id='word_1_93' title='bbox 164 1491 310 1570; x_wconf 85' lang='lat' dir='ltr'>nequid</span> <span class='ocrx_word' id='word_1_94' title='bbox 341 1491 406 1553; x_wconf 85' lang='lat' dir='ltr'>ullo</span> <span class='ocrx_word' id='word_1_95' title='bbox 428 1493 523 1554; x_wconf 90' lang='lat' dir='ltr'>modo</span> <span class='ocrx_word' id='word_1_96' title='bbox 542 1513 699 1554; x_wconf 74' lang='lat' dir='ltr'>revocem.</span> <span class='ocrx_word' id='word_1_97' title='bbox 737 1493 814 1554; x_wconf 82' lang='lat' dir='ltr'>Nem</span> <span class='ocrx_word' id='word_1_98' title='bbox 843 1493 923 1554; x_wconf 87' lang='lat' dir='ltr'>istud</span> <span class='ocrx_word' id='word_1_99' title='bbox 950 1510 1096 1554; x_wconf 83' lang='lat' dir='ltr'>revooare</span> 
     </span>
     <span class='ocr_line' id='line_1_15' title="bbox 166 1572 1095 1657; baseline 0.004 -25"><span class='ocrx_word' id='word_1_100' title='bbox 166 1573 250 1633; x_wconf 87' lang='lat' dir='ltr'>nihil</span> <span class='ocrx_word' id='word_1_101' title='bbox 272 1572 371 1652; x_wconf 74' lang='lat' dir='ltr'>fieret,</span> <span class='ocrx_word' id='word_1_102' title='bbox 392 1576 451 1635; x_wconf 88' lang='lat' dir='ltr'>nisi</span> <span class='ocrx_word' id='word_1_103' title='bbox 473 1576 637 1637; x_wconf 77' lang='lat' dir='ltr'>eeclesiam</span> <span class='ocrx_word' id='word_1_104' title='bbox 660 1577 834 1638; x_wconf 75' lang='lat' dir='ltr'><strong>Romanam</strong></span> <span class='ocrx_word' id='word_1_105' title='bbox 856 1579 953 1657; x_wconf 81' lang='lat' dir='ltr'>magis</span> <span class='ocrx_word' id='word_1_106' title='bbox 976 1593 1013 1636; x_wconf 87' lang='lat' dir='ltr'>eo</span> <span class='ocrx_word' id='word_1_107' title='bbox 1035 1595 1095 1636; x_wconf 87' lang='lat' dir='ltr'>ma·</span> 
     </span>
     <span class='ocr_line' id='line_1_16' title="bbox 167 1656 1096 1736; baseline 0.002 -20"><span class='ocrx_word' id='word_1_108' title='bbox 167 1657 221 1736; x_wconf 83' lang='lat' dir='ltr'>gis</span> <span class='ocrx_word' id='word_1_109' title='bbox 242 1656 386 1736; x_wconf 85' lang='lat' dir='ltr'>foedare,</span> <span class='ocrx_word' id='word_1_110' title='bbox 420 1665 451 1718; x_wconf 86' lang='lat' dir='ltr'>et</span> <span class='ocrx_word' id='word_1_111' title='bbox 471 1660 502 1718; x_wconf 90' lang='lat' dir='ltr'>in</span> <span class='ocrx_word' id='word_1_112' title='bbox 534 1678 589 1720; x_wconf 87' lang='lat' dir='ltr'>ora</span> <span class='ocrx_word' id='word_1_113' title='bbox 611 1661 748 1720; x_wconf 90' lang='lat' dir='ltr'>omnium</span> <span class='ocrx_word' id='word_1_114' title='bbox 772 1660 928 1720; x_wconf 90' lang='lat' dir='ltr'>hominum</span> <span class='ocrx_word' id='word_1_115' title='bbox 952 1676 1096 1720; x_wconf 86' lang='lat' dir='ltr'>aoousau·</span> 
     </span>
     <span class='ocr_line' id='line_1_17' title="bbox 167 1737 398 1802; baseline 0.017 -4"><span class='ocrx_word' id='word_1_116' title='bbox 167 1737 245 1800; x_wconf 86' lang='lat' dir='ltr'>dam</span> <span class='ocrx_word' id='word_1_117' title='bbox 266 1740 398 1802; x_wconf 77' lang='lat' dir='ltr'>tradere.</span> 
     </span>
    </p>

    <p class='ocr_par' dir='ltr' id='par_1_3' title="bbox 168 1822 1142 2649">
     <span class='ocr_line' id='line_1_18' title="bbox 258 1822 1095 1903; baseline 0.002 -21"><span class='ocrx_word' id='word_1_118' title='bbox 258 1822 306 1882; x_wconf 85' lang='lat' dir='ltr'>llti</span> <span class='ocrx_word' id='word_1_119' title='bbox 326 1823 381 1901; x_wconf 86' lang='lat' dir='ltr'>ilii,</span> <span class='ocrx_word' id='word_1_120' title='bbox 403 1824 463 1884; x_wconf 90' lang='lat' dir='ltr'>heu</span> <span class='ocrx_word' id='word_1_121' title='bbox 476 1823 616 1884; x_wconf 88' lang='lat' dir='ltr'>Beatissi.</span> <span class='ocrx_word' id='word_1_122' title='bbox 636 1824 741 1903; x_wconf 85' lang='lat' dir='ltr'>Peter,</span> <span class='ocrx_word' id='word_1_123' title='bbox 763 1824 843 1902; x_wconf 82' lang='lat' dir='ltr'>bauo</span> <span class='ocrx_word' id='word_1_124' title='bbox 864 1824 1015 1886; x_wconf 75' lang='lat' dir='ltr'>eeclesiae</span> <span class='ocrx_word' id='word_1_125' title='bbox 1036 1824 1095 1896; x_wconf 77' lang='lat' dir='ltr'>Ro-</span> 
     </span>
     <span class='ocr_line' id='line_1_19' title="bbox 168 1906 1095 1987; baseline 0.001 -23"><span class='ocrx_word' id='word_1_126' title='bbox 168 1923 288 1966; x_wconf 88' lang='lat' dir='ltr'>manae</span> <span class='ocrx_word' id='word_1_127' title='bbox 308 1907 475 1966; x_wconf 81' lang='lat' dir='ltr'>intulerunt</span> <span class='ocrx_word' id='word_1_128' title='bbox 509 1907 649 1968; x_wconf 88' lang='lat' dir='ltr'>iniuriam</span> <span class='ocrx_word' id='word_1_129' title='bbox 673 1915 704 1966; x_wconf 87' lang='lat' dir='ltr'>et</span> <span class='ocrx_word' id='word_1_130' title='bbox 736 1926 814 1987; x_wconf 87' lang='lat' dir='ltr'>pene</span> <span class='ocrx_word' id='word_1_131' title='bbox 837 1907 992 1968; x_wconf 81' lang='lat' dir='ltr'>infamiam</span> <span class='ocrx_word' id='word_1_132' title='bbox 1015 1906 1095 1987; x_wconf 86' lang='lat' dir='ltr'>apud</span> 
     </span>
     <span class='ocr_line' id='line_1_20' title="bbox 168 1988 1096 2070; baseline 0.004 -24"><span class='ocrx_word' id='word_1_133' title='bbox 168 2005 230 2048; x_wconf 89' lang='lat' dir='ltr'>nos</span> <span class='ocrx_word' id='word_1_134' title='bbox 254 1989 287 2048; x_wconf 88' lang='lat' dir='ltr'>in</span> <span class='ocrx_word' id='word_1_135' title='bbox 310 1988 486 2065; x_wconf 74' lang='lat' dir='ltr'>Germania,</span> <span class='ocrx_word' id='word_1_136' title='bbox 508 1988 619 2068; x_wconf 90' lang='lat' dir='ltr'>quibus</span> <span class='ocrx_word' id='word_1_137' title='bbox 641 2007 700 2070; x_wconf 81' lang='lat' dir='ltr'>ego</span> <span class='ocrx_word' id='word_1_138' title='bbox 721 1991 827 2068; x_wconf 75' lang='lat' dir='ltr'>restiti,</span> <span class='ocrx_word' id='word_1_139' title='bbox 849 1990 878 2050; x_wconf 86' lang='lat' dir='ltr'>id</span> <span class='ocrx_word' id='word_1_140' title='bbox 901 1997 957 2064; x_wconf 76' lang='lat' dir='ltr'>est,</span> <span class='ocrx_word' id='word_1_141' title='bbox 981 1991 1031 2070; x_wconf 92' lang='lat' dir='ltr'>qui</span> <span class='ocrx_word' id='word_1_142' title='bbox 1053 1990 1096 2050; x_wconf 90' lang='lat' dir='ltr'>in-</span> 
     </span>
     <span class='ocr_line' id='line_1_21' title="bbox 169 2070 1096 2134; baseline 0.002 -4"><span class='ocrx_word' id='word_1_143' title='bbox 169 2070 353 2132; x_wconf 86' lang='lat' dir='ltr'>sulsissimis</span> <span class='ocrx_word' id='word_1_144' title='bbox 374 2074 438 2132; x_wconf 90' lang='lat' dir='ltr'>suis</span> <span class='ocrx_word' id='word_1_145' title='bbox 459 2072 650 2134; x_wconf 76' lang='lat' dir='ltr'>sermonibus</span> <span class='ocrx_word' id='word_1_146' title='bbox 683 2073 738 2134; x_wconf 92' lang='lat' dir='ltr'>sub</span> <span class='ocrx_word' id='word_1_147' title='bbox 774 2076 897 2134; x_wconf 86' lang='lat' dir='ltr'>nomine</span> <span class='ocrx_word' id='word_1_148' title='bbox 918 2073 1002 2134; x_wconf 88' lang='lat' dir='ltr'>Best.</span> <span class='ocrx_word' id='word_1_149' title='bbox 1026 2079 1096 2132; x_wconf 87' lang='lat' dir='ltr'>tuae</span> 
     </span>
     <span class='ocr_line' id='line_1_22' title="bbox 170 2145 1142 2236; baseline 0.002 -22"><span class='ocrx_word' id='word_1_150' title='bbox 170 2173 237 2215; x_wconf 85' lang='lat' dir='ltr'>non</span> <span class='ocrx_word' id='word_1_151' title='bbox 261 2156 321 2215; x_wconf 90' lang='lat' dir='ltr'>nisi</span> <span class='ocrx_word' id='word_1_152' title='bbox 343 2155 537 2217; x_wconf 83' lang='lat' dir='ltr'>deterrimam</span> <span class='ocrx_word' id='word_1_153' title='bbox 559 2157 717 2216; x_wconf 85' lang='lat' dir='ltr'>avaritiam</span> <span class='ocrx_word' id='word_1_154' title='bbox 741 2145 910 2234; x_wconf 71' lang='lat' dir='ltr'>coluerunt,</span> <span class='ocrx_word' id='word_1_155' title='bbox 932 2164 963 2217; x_wconf 86' lang='lat' dir='ltr'>et</span> <span class='ocrx_word' id='word_1_156' title='bbox 984 2175 1096 2236; x_wconf 84' lang='lat' dir='ltr'>oppro-</span> <span class='ocrx_word' id='word_1_157' title='bbox 1140 2147 1142 2157; x_wconf 53' lang='lat'><strong>¹</strong></span> 
     </span>
     <span class='ocr_line' id='line_1_23' title="bbox 172 2237 1095 2319; baseline 0.003 -24"><span class='ocrx_word' id='word_1_158' title='bbox 172 2237 242 2298; x_wconf 88' lang='lat' dir='ltr'>brio</span> <span class='ocrx_word' id='word_1_159' title='bbox 266 2239 400 2319; x_wconf 82' lang='lat' dir='ltr'>Aegypti</span> <span class='ocrx_word' id='word_1_160' title='bbox 424 2240 662 2299; x_wconf 85' lang='lat' dir='ltr'>nontaminatam</span> <span class='ocrx_word' id='word_1_161' title='bbox 687 2248 718 2299; x_wconf 87' lang='lat' dir='ltr'>st</span> <span class='ocrx_word' id='word_1_162' title='bbox 740 2238 976 2300; x_wconf 77' lang='lat' dir='ltr'>abominandam</span> <span class='ocrx_word' id='word_1_163' title='bbox 998 2238 1095 2299; x_wconf 88' lang='lat' dir='ltr'>reddi·</span> 
     </span>
     <span class='ocr_line' id='line_1_24' title="bbox 172 2320 1096 2401; baseline 0.003 -22"><span class='ocrx_word' id='word_1_164' title='bbox 172 2320 288 2381; x_wconf 85' lang='lat' dir='ltr'>derunt</span> <span class='ocrx_word' id='word_1_165' title='bbox 309 2321 592 2383; x_wconf 80' lang='lat' dir='ltr'>sanctificationem.</span> <span class='ocrx_word' id='word_1_166' title='bbox 626 2321 667 2381; x_wconf 82' lang='lat' dir='ltr'>Et</span> <span class='ocrx_word' id='word_1_167' title='bbox 688 2324 774 2401; x_wconf 82' lang='lat' dir='ltr'>quasi</span> <span class='ocrx_word' id='word_1_168' title='bbox 796 2322 827 2381; x_wconf 89' lang='lat' dir='ltr'>id</span> <span class='ocrx_word' id='word_1_169' title='bbox 849 2341 911 2383; x_wconf 90' lang='lat' dir='ltr'>non</span> <span class='ocrx_word' id='word_1_170' title='bbox 934 2320 1096 2383; x_wconf 84' lang='lat' dir='ltr'>satisfieret</span> 
     </span>
     <span class='ocr_line' id='line_1_25' title="bbox 172 2402 1095 2485; baseline 0.003 -23"><span class='ocrx_word' id='word_1_171' title='bbox 172 2402 351 2482; x_wconf 59' lang='lat' dir='ltr'>malorum*</span> <span class='ocrx_word' id='word_1_172' title='bbox 373 2422 437 2482; x_wconf 88' lang='lat' dir='ltr'>me,</span> <span class='ocrx_word' id='word_1_173' title='bbox 468 2406 519 2485; x_wconf 91' lang='lat' dir='ltr'>qui</span> <span class='ocrx_word' id='word_1_174' title='bbox 555 2404 646 2464; x_wconf 84' lang='lat' dir='ltr'>tentis</span> <span class='ocrx_word' id='word_1_175' title='bbox 675 2423 779 2465; x_wconf 88' lang='lat' dir='ltr'>eorum</span> <span class='ocrx_word' id='word_1_176' title='bbox 803 2406 945 2466; x_wconf 82' lang='lat' dir='ltr'>monstris</span> <span class='ocrx_word' id='word_1_177' title='bbox 967 2406 1095 2481; x_wconf 68' lang='lat' dir='ltr'>ossuum,</span> 
     </span>
     <span class='ocr_line' id='line_1_26' title="bbox 173 2486 1095 2567; baseline 0 -20"><span class='ocrx_word' id='word_1_178' title='bbox 173 2494 316 2547; x_wconf 84' lang='lat' dir='ltr'>autorem</span> <span class='ocrx_word' id='word_1_179' title='bbox 350 2491 423 2547; x_wconf 78' lang='lat' dir='ltr'>suae</span> <span class='ocrx_word' id='word_1_180' title='bbox 456 2489 632 2548; x_wconf 87' lang='lat' dir='ltr'>temeritatis</span> <span class='ocrx_word' id='word_1_181' title='bbox 662 2486 743 2567; x_wconf 88' lang='lat' dir='ltr'>apud</span> <span class='ocrx_word' id='word_1_182' title='bbox 772 2488 856 2549; x_wconf 81' lang='lat' dir='ltr'>Beat.</span> <span class='ocrx_word' id='word_1_183' title='bbox 889 2494 973 2549; x_wconf 91' lang='lat' dir='ltr'>tusm</span> <span class='ocrx_word' id='word_1_184' title='bbox 1002 2486 1095 2547; x_wconf 81' lang='lat' dir='ltr'>innul-</span> 
     </span>
     <span class='ocr_line' id='line_1_27' title="bbox 171 2575 838 2649; baseline 0 -19"><span class='ocrx_word' id='word_1_185' title='bbox 171 2575 263 2649; x_wconf 87' lang='lat' dir='ltr'>pant.</span> <span class='ocrx_word' id='word_1_186' title='bbox 835 2603 838 2611; x_wconf 92' lang='lat'>·</span> 
     </span>
    </p>

    <p class='ocr_par' dir='ltr' id='par_1_4' title="bbox 173 2651 1096 3460">
     <span class='ocr_line' id='line_1_28' title="bbox 258 2651 1093 2730; baseline 0 -17"><span class='ocrx_word' id='word_1_187' title='bbox 258 2651 357 2730; x_wconf 82' lang='lat' dir='ltr'>Nune,</span> <span class='ocrx_word' id='word_1_188' title='bbox 378 2651 502 2713; x_wconf 85' lang='lat' dir='ltr'>beatiss.</span> <span class='ocrx_word' id='word_1_189' title='bbox 535 2652 636 2729; x_wconf 83' lang='lat' dir='ltr'>Pater,</span> <span class='ocrx_word' id='word_1_190' title='bbox 658 2672 761 2713; x_wconf 85' lang='lat' dir='ltr'>eoram</span> <span class='ocrx_word' id='word_1_191' title='bbox 783 2653 851 2715; x_wconf 88' lang='lat' dir='ltr'>Deo</span> <span class='ocrx_word' id='word_1_192' title='bbox 874 2660 905 2713; x_wconf 87' lang='lat' dir='ltr'>et</span> <span class='ocrx_word' id='word_1_193' title='bbox 925 2658 992 2715; x_wconf 86' lang='lat' dir='ltr'>tot-a</span> <span class='ocrx_word' id='word_1_194' title='bbox 1012 2672 1093 2714; x_wconf 80' lang='lat' dir='ltr'>orea-</span> 
     </span>
     <span class='ocr_line' id='line_1_29' title="bbox 173 2734 1095 2816; baseline 0 -21"><span class='ocrx_word' id='word_1_195' title='bbox 173 2741 244 2795; x_wconf 86' lang='lat' dir='ltr'>tura</span> <span class='ocrx_word' id='word_1_196' title='bbox 265 2754 322 2795; x_wconf 92' lang='lat' dir='ltr'>sua</span> <span class='ocrx_word' id='word_1_197' title='bbox 343 2742 455 2814; x_wconf 88' lang='lat' dir='ltr'>testor,</span> <span class='ocrx_word' id='word_1_198' title='bbox 488 2754 536 2795; x_wconf 88' lang='lat' dir='ltr'>me</span> <span class='ocrx_word' id='word_1_199' title='bbox 563 2754 664 2815; x_wconf 85' lang='lat' dir='ltr'>neque</span> <span class='ocrx_word' id='word_1_200' title='bbox 692 2736 841 2814; x_wconf 84' lang='lat' dir='ltr'>voluisse,</span> <span class='ocrx_word' id='word_1_201' title='bbox 875 2754 976 2816; x_wconf 88' lang='lat' dir='ltr'>neque</span> <span class='ocrx_word' id='word_1_202' title='bbox 1002 2734 1095 2796; x_wconf 91' lang='lat' dir='ltr'>bodie</span> 
     </span>
     <span class='ocr_line' id='line_1_30' title="bbox 174 2817 1093 2899; baseline 0.002 -22"><span class='ocrx_word' id='word_1_203' title='bbox 174 2818 257 2879; x_wconf 86' lang='lat' dir='ltr'>velle</span> <span class='ocrx_word' id='word_1_204' title='bbox 279 2817 430 2878; x_wconf 73' lang='lat' dir='ltr'>eeclesiae</span> <span class='ocrx_word' id='word_1_205' title='bbox 450 2818 610 2879; x_wconf 85' lang='lat' dir='ltr'>Romanae</span> <span class='ocrx_word' id='word_1_206' title='bbox 632 2837 670 2878; x_wconf 85' lang='lat' dir='ltr'>ao</span> <span class='ocrx_word' id='word_1_207' title='bbox 692 2818 777 2879; x_wconf 88' lang='lat' dir='ltr'>Beat.</span> <span class='ocrx_word' id='word_1_208' title='bbox 807 2826 877 2879; x_wconf 88' lang='lat' dir='ltr'>tuae</span> <span class='ocrx_word' id='word_1_209' title='bbox 910 2824 1093 2899; x_wconf 86' lang='lat' dir='ltr'>potestatem</span> 
     </span>
     <span class='ocr_line' id='line_1_31' title="bbox 173 2898 1095 2982; baseline 0.002 -21"><span class='ocrx_word' id='word_1_210' title='bbox 173 2900 240 2962; x_wconf 84' lang='lat' dir='ltr'>allo</span> <span class='ocrx_word' id='word_1_211' title='bbox 263 2898 358 2962; x_wconf 86' lang='lat' dir='ltr'>modo</span> <span class='ocrx_word' id='word_1_212' title='bbox 379 2906 521 2982; x_wconf 80' lang='lat' dir='ltr'>tangere,</span> <span class='ocrx_word' id='word_1_213' title='bbox 552 2914 606 2962; x_wconf 84' lang='lat' dir='ltr'>aut</span> <span class='ocrx_word' id='word_1_214' title='bbox 631 2920 814 2981; x_wconf 82' lang='lat' dir='ltr'>queounque</span> <span class='ocrx_word' id='word_1_215' title='bbox 835 2903 970 2962; x_wconf 79' lang='lat' dir='ltr'>versutia</span> <span class='ocrx_word' id='word_1_216' title='bbox 991 2901 1095 2963; x_wconf 88' lang='lat' dir='ltr'>demo-</span> 
     </span>
     <span class='ocr_line' id='line_1_32' title="bbox 175 2983 1094 3064; baseline 0.001 -21"><span class='ocrx_word' id='word_1_217' title='bbox 175 2984 233 3056; x_wconf 82' lang='lat' dir='ltr'>tiri,</span> <span class='ocrx_word' id='word_1_218' title='bbox 256 2985 330 3063; x_wconf 90' lang='lat' dir='ltr'>quin</span> <span class='ocrx_word' id='word_1_219' title='bbox 354 2983 532 3063; x_wconf 85' lang='lat' dir='ltr'>plenissime</span> <span class='ocrx_word' id='word_1_220' title='bbox 554 2983 705 3044; x_wconf 75' lang='lat' dir='ltr'>confiteor</span> <span class='ocrx_word' id='word_1_221' title='bbox 726 2984 814 3045; x_wconf 90' lang='lat' dir='ltr'>huius</span> <span class='ocrx_word' id='word_1_222' title='bbox 838 2984 989 3045; x_wconf 84' lang='lat' dir='ltr'>eeclesiae</span> <span class='ocrx_word' id='word_1_223' title='bbox 1010 2990 1094 3064; x_wconf 85' lang='lat' dir='ltr'>pots-</span> 
     </span>
     <span class='ocr_line' id='line_1_33' title="bbox 176 3061 1094 3148; baseline 0 -21"><span class='ocrx_word' id='word_1_224' title='bbox 176 3061 288 3127; x_wconf 77' lang='lat' dir='ltr'>statem</span> <span class='ocrx_word' id='word_1_225' title='bbox 310 3084 380 3126; x_wconf 89' lang='lat' dir='ltr'>esse</span> <span class='ocrx_word' id='word_1_226' title='bbox 400 3068 617 3147; x_wconf 83' lang='lat' dir='ltr'>superomnia,</span> <span class='ocrx_word' id='word_1_227' title='bbox 638 3086 696 3127; x_wconf 88' lang='lat' dir='ltr'>neo</span> <span class='ocrx_word' id='word_1_228' title='bbox 717 3068 745 3127; x_wconf 92' lang='lat' dir='ltr'>ei</span> <span class='ocrx_word' id='word_1_229' title='bbox 767 3066 998 3148; x_wconf 82' lang='lat' dir='ltr'>praeferendum</span> <span class='ocrx_word' id='word_1_230' title='bbox 1012 3062 1094 3147; x_wconf 73' lang='lat' dir='ltr'>quidi</span> 
     </span>
     <span class='ocr_line' id='line_1_34' title="bbox 177 3148 1094 3231; baseline 0 -22"><span class='ocrx_word' id='word_1_231' title='bbox 177 3168 269 3229; x_wconf 87' lang='lat' dir='ltr'>quam</span> <span class='ocrx_word' id='word_1_232' title='bbox 291 3150 357 3211; x_wconf 84' lang='lat' dir='ltr'>sive</span> <span class='ocrx_word' id='word_1_233' title='bbox 378 3150 411 3211; x_wconf 83' lang='lat' dir='ltr'>in</span> <span class='ocrx_word' id='word_1_234' title='bbox 435 3148 535 3220; x_wconf 75' lang='lat' dir='ltr'>coelo,</span> <span class='ocrx_word' id='word_1_235' title='bbox 557 3151 622 3211; x_wconf 88' lang='lat' dir='ltr'>sive</span> <span class='ocrx_word' id='word_1_236' title='bbox 643 3152 675 3211; x_wconf 90' lang='lat' dir='ltr'>in</span> <span class='ocrx_word' id='word_1_237' title='bbox 689 3156 778 3229; x_wconf 80' lang='lat' dir='ltr'>terra,</span> <span class='ocrx_word' id='word_1_238' title='bbox 800 3158 921 3231; x_wconf 83' lang='lat' dir='ltr'>praeter</span> <span class='ocrx_word' id='word_1_239' title='bbox 942 3150 1094 3211; x_wconf 88' lang='lat' dir='ltr'>unumJe-</span> 
     </span>
     <span class='ocr_line' id='line_1_35' title="bbox 176 3229 1096 3295; baseline 0.001 -3"><span class='ocrx_word' id='word_1_240' title='bbox 176 3251 245 3293; x_wconf 91' lang='lat' dir='ltr'>sum</span> <span class='ocrx_word' id='word_1_241' title='bbox 276 3229 430 3293; x_wconf 81' lang='lat' dir='ltr'>Christum</span> <span class='ocrx_word' id='word_1_242' title='bbox 463 3230 628 3293; x_wconf 89' lang='lat' dir='ltr'>Dominum</span> <span class='ocrx_word' id='word_1_243' title='bbox 665 3234 812 3295; x_wconf 89' lang='lat' dir='ltr'>omnium.</span> <span class='ocrx_word' id='word_1_244' title='bbox 839 3232 904 3293; x_wconf 86' lang='lat' dir='ltr'>Neo</span> <span class='ocrx_word' id='word_1_245' title='bbox 941 3232 1011 3293; x_wconf 91' lang='lat' dir='ltr'>Bea.</span> <span class='ocrx_word' id='word_1_246' title='bbox 1044 3239 1096 3293; x_wconf 86' lang='lat' dir='ltr'>tua</span> 
     </span>
     <span class='ocr_line' id='line_1_36' title="bbox 177 3314 1096 3393; baseline 0 -18"><span class='ocrx_word' id='word_1_247' title='bbox 177 3315 247 3375; x_wconf 84' lang='lat' dir='ltr'>uilis</span> <span class='ocrx_word' id='word_1_248' title='bbox 269 3314 359 3375; x_wconf 84' lang='lat' dir='ltr'>maiis</span> <span class='ocrx_word' id='word_1_249' title='bbox 381 3314 461 3375; x_wconf 87' lang='lat' dir='ltr'>dolis</span> <span class='ocrx_word' id='word_1_250' title='bbox 482 3314 607 3392; x_wconf 73' lang='lat' dir='ltr'>eredat,</span> <span class='ocrx_word' id='word_1_251' title='bbox 640 3317 693 3393; x_wconf 91' lang='lat' dir='ltr'>qui</span> <span class='ocrx_word' id='word_1_252' title='bbox 714 3316 802 3377; x_wconf 86' lang='lat' dir='ltr'>aliter</span> <span class='ocrx_word' id='word_1_253' title='bbox 823 3315 862 3376; x_wconf 88' lang='lat' dir='ltr'>de</span> <span class='ocrx_word' id='word_1_254' title='bbox 882 3315 1013 3377; x_wconf 87' lang='lat' dir='ltr'>Luthero</span> <span class='ocrx_word' id='word_1_255' title='bbox 1036 3315 1096 3377; x_wconf 83' lang='lat' dir='ltr'>hoe</span> 
     </span>
     <span class='ocr_line' id='line_1_37' title="bbox 178 3397 401 3460; baseline 0.013 -3"><span class='ocrx_word' id='word_1_256' title='bbox 178 3397 401 3460; x_wconf 74' lang='lat' dir='ltr'>machinantur.</span> 
     </span>
    </p>

    <p class='ocr_par' dir='ltr' id='par_1_5' title="bbox 179 3477 1095 3809">
     <span class='ocr_line' id='line_1_38' title="bbox 258 3477 1095 3560; baseline -0.001 -19"><span class='ocrx_word' id='word_1_257' title='bbox 258 3477 301 3541; x_wconf 79' lang='lat' dir='ltr'>Et</span> <span class='ocrx_word' id='word_1_258' title='bbox 321 3479 405 3560; x_wconf 87' lang='lat' dir='ltr'>quod</span> <span class='ocrx_word' id='word_1_259' title='bbox 439 3498 530 3539; x_wconf 90' lang='lat' dir='ltr'>unum</span> <span class='ocrx_word' id='word_1_260' title='bbox 558 3481 588 3540; x_wconf 90' lang='lat' dir='ltr'>in</span> <span class='ocrx_word' id='word_1_261' title='bbox 620 3481 680 3540; x_wconf 84' lang='lat' dir='ltr'>ista</span> <span class='ocrx_word' id='word_1_262' title='bbox 708 3498 802 3541; x_wconf 82' lang='lat' dir='ltr'>eausa</span> <span class='ocrx_word' id='word_1_263' title='bbox 829 3480 931 3541; x_wconf 82' lang='lat' dir='ltr'>faeere</span> <span class='ocrx_word' id='word_1_264' title='bbox 959 3498 1095 3560; x_wconf 85' lang='lat' dir='ltr'>possum,</span> 
     </span>
     <span class='ocr_line' id='line_1_39' title="bbox 179 3560 1095 3645; baseline 0 -22"><span class='ocrx_word' id='word_1_265' title='bbox 179 3563 354 3645; x_wconf 87' lang='lat' dir='ltr'>promittam</span> <span class='ocrx_word' id='word_1_266' title='bbox 376 3560 576 3625; x_wconf 87' lang='lat' dir='ltr'>libentissime</span> <span class='ocrx_word' id='word_1_267' title='bbox 598 3563 683 3623; x_wconf 87' lang='lat' dir='ltr'>Best.</span> <span class='ocrx_word' id='word_1_268' title='bbox 707 3568 798 3637; x_wconf 82' lang='lat' dir='ltr'>tuae,</span> <span class='ocrx_word' id='word_1_269' title='bbox 824 3564 914 3623; x_wconf 89' lang='lat' dir='ltr'>istam</span> <span class='ocrx_word' id='word_1_270' title='bbox 937 3561 977 3625; x_wconf 88' lang='lat' dir='ltr'>de</span> <span class='ocrx_word' id='word_1_271' title='bbox 997 3562 1095 3623; x_wconf 84' lang='lat' dir='ltr'>Indul-</span> 
     </span>
     <span class='ocr_line' id='line_1_40' title="bbox 179 3644 1095 3727; baseline -0.002 -20"><span class='ocrx_word' id='word_1_272' title='bbox 179 3646 291 3727; x_wconf 75' lang='lat' dir='ltr'>gentiis</span> <span class='ocrx_word' id='word_1_273' title='bbox 321 3646 478 3707; x_wconf 85' lang='lat' dir='ltr'>materiam</span> <span class='ocrx_word' id='word_1_274' title='bbox 508 3666 558 3707; x_wconf 91' lang='lat' dir='ltr'>me</span> <span class='ocrx_word' id='word_1_275' title='bbox 579 3645 725 3725; x_wconf 78' lang='lat' dir='ltr'>deinceps</span> <span class='ocrx_word' id='word_1_276' title='bbox 746 3644 937 3723; x_wconf 83' lang='lat' dir='ltr'>relicturum,</span> <span class='ocrx_word' id='word_1_277' title='bbox 961 3646 1095 3725; x_wconf 87' lang='lat' dir='ltr'>penitus-</span> 
     </span>
     <span class='ocr_line' id='line_1_41' title="bbox 181 3726 1094 3809; baseline -0.002 -20"><span class='ocrx_word' id='word_1_278' title='bbox 181 3746 240 3809; x_wconf 87' lang='lat' dir='ltr'>que</span> <span class='ocrx_word' id='word_1_279' title='bbox 262 3728 425 3789; x_wconf 85' lang='lat' dir='ltr'>taoiturum</span> <span class='ocrx_word' id='word_1_280' title='bbox 451 3726 561 3809; x_wconf 90' lang='lat' dir='ltr'>(modo</span> <span class='ocrx_word' id='word_1_281' title='bbox 585 3735 617 3791; x_wconf 88' lang='lat' dir='ltr'>et</span> <span class='ocrx_word' id='word_1_282' title='bbox 636 3727 803 3789; x_wconf 77' lang='lat' dir='ltr'>aduersarii</span> <span class='ocrx_word' id='word_1_283' title='bbox 824 3728 884 3788; x_wconf 86' lang='lat' dir='ltr'>mei</span> <span class='ocrx_word' id='word_1_284' title='bbox 907 3746 977 3787; x_wconf 87' lang='lat' dir='ltr'>suas</span> <span class='ocrx_word' id='word_1_285' title='bbox 1000 3746 1094 3787; x_wconf 85' lang='lat' dir='ltr'>vanas</span> 
     </span>
    </p>
   </div>
   <div class='ocr_carea' id='block_1_3' title="bbox 182 3808 1094 3897">
    <p class='ocr_par' dir='ltr' id='par_1_6' title="bbox 182 3808 1094 3897">
     <span class='ocr_line' id='line_1_42' title="bbox 182 3808 1094 3897; baseline -0.016 -14"><span class='ocrx_word' id='word_1_286' title='bbox 182 3810 571 3896; x_wconf 62' lang='lat' dir='ltr'>sonabas-contineam),</span> <span class='ocrx_word' id='word_1_287' title='bbox 599 3809 748 3873; x_wconf 82' lang='lat' dir='ltr'>editurum</span> <span class='ocrx_word' id='word_1_288' title='bbox 772 3808 902 3897; x_wconf 85' lang='lat' dir='ltr'>denique</span> <span class='ocrx_word' id='word_1_289' title='bbox 923 3810 955 3871; x_wconf 88' lang='lat' dir='ltr'>in</span> <span class='ocrx_word' id='word_1_290' title='bbox 976 3808 1094 3891; x_wconf 78' lang='lat' dir='ltr'>vulgus,</span> 
     </span>
    </p>
   </div>
   <div class='ocr_carea' id='block_1_4' title="bbox 0 0 1328 4300">
    <p class='ocr_par' dir='ltr' id='par_1_7' title="bbox 0 0 1328 4300">
     <span class='ocr_line' id='line_1_43' title="bbox 0 0 1328 4300; baseline 0 0"><span class='ocrx_word' id='word_1_291' title='bbox 0 0 1328 4300; x_wconf 95' lang='lat' dir='ltr'> </span> 
     </span>
    </p>
   </div>
  </div>
 </body>
</html>
