2600 4300
407 290 691 348 morsurus.
712 290 817 372 sur»
856 269 863 278 “
1005 288 1065 357 421

226 459 325 538 Quam
347 459 470 537 veliem,
491 461 696 522 illustrissime
718 461 878 541 Princeps,
900 461 1066 544 haunept

150 544 255 606 stolam
276 543 316 604 ab
339 543 444 622 aliquo
468 543 615 606 Silvestrc
628 544 774 604 Prieriate
796 545 888 606 fuisse
909 548 1068 626 scriptam,

149 636 178 689 nt
187 625 328 688 libertate
340 625 435 706 plena
448 627 564 707 ingenii
578 646 647 688 eam
662 627 769 688 liceret
782 635 935 691 excutere.
960 627 1068 698 Oeten·

149 710 247 770 dorem
268 709 429 788 protecto,
467 727 558 788 quam
580 709 705 770 difficile
727 710 786 786 sit,
809 711 975 772 meismet
997 713 1067 780 sini·

149 798 236 852 strom
257 791 484 852 ‚conscientiam
505 790 634 852 dextere
657 793 777 872 operire
794 794 908 871 specie.
930 793 974 856 At
983 814 1068 860 nono

148 874 317 936 reverentia
340 875 448 954 optimi
470 881 502 934 et
520 874 730 936 humanissimi
753 876 810 934 viri
827 877 911 956 cogit
932 895 981 936 me
1003 875 1066 950 buis

146 958 243 1018 lieutis
271 955 375 1018 cordis
410 959 471 1018 mei
499 977 639 1037 premere
666 964 769 1018 aestus
799 977 895 1038 usque
923 959 953 1020 in
983 959 1066 1028 alind

146 1051 203 1100 tem
226 1059 273 1100 us.
862 1039 870 1054 ⁸

204 1059 289 1184 pSed
307 1121 372 1184 hoc
392 1123 456 1202 pati
478 1141 540 1182 non
562 1141 706 1201 possum,
730 1121 812 1202 quod
836 1141 874 1184 ex
897 1123 1068 1203 prudentiss¹

144 1206 217 1266 sirno
255 1212 291 1266 et
318 1206 460 1266 acerrimi
492 1204 595 1266 indicii
616 1205 757 1284 Principe
790 1205 878 1270 nobis
912 1206 1065 1284 quendam

144 1289 241 1348 iacere
263 1286 395 1348 Pilatum
418 1293 555 1349 conatur.
588 1287 666 1348 Num
690 1306 758 1348 cum
780 1287 889 1348 dodoci
913 1289 1067 1350 Christum

145 1389 244 1432 coram
282 1369 383 1432 Pilato
426 1371 604 1434 statuissent
647 1375 679 1428 et
710 1371 888 1450 interrogati
928 1372 1066 1446 fuissent,

143 1473 239 1531 quem,
262 1453 496 1514 accusationem
527 1451 692 1528 afferrent,
726 1461 779 1512 ent
811 1453 883 1531 quid
917 1453 988 1514 rusti
1024 1454 1067 1514 fe·

144 1537 234 1595 cisset
262 1535 361 1596 homo
388 1535 463 1595 ilie?
498 1535 663 1596 dixerunt:
700 1534 731 1596 si
759 1553 820 1595 noo
861 1543 944 1596 esset
974 1537 1065 1596 meles

145 1620 249 1695 factor,
271 1636 336 1678 noo
360 1617 414 1678 tibi
437 1617 667 1678 tradidissemus
690 1637 769 1678 enm.
794 1620 838 1678 lta
859 1625 891 1690 et
911 1618 962 1678 bic
982 1637 1067 1678 reve·

143 1700 344 1769 reudissimns
375 1700 526 1762 Dominus
554 1699 703 1781 Legatos,
737 1719 804 1760 cum
833 1701 967 1762 Fratrem
988 1701 1066 1764 Mart

145 1784 237 1844 tiunm
261 1783 398 1863 Principi
426 1782 589 1844 obtulisset
621 1782 723 1842 multis
750 1781 866 1844 odiosis
888 1783 1005 1859 verbis,
1036 1791 1067 1843 et

144 1857 292 1945 Princeps
314 1867 506 1949 interrogare
525 1872 646 1944 posset:
682 1865 761 1940 Quid
783 1865 857 1926 fecit
876 1865 1067 1927 Fraterculus

141 1947 214 2009 ille?
235 1947 439 2028 Respondet:
463 1947 577 2009 Credet
597 1947 680 2022 mihi,
701 1947 1066 2027 illustrissimePrioceps,

144 2031 457 2106 Dominatioreatra,
479 2031 553 2110 quia
572 2049 646 2091 vera
666 2029 777 2108 loquor
805 2049 844 2090 ex
865 2036 951 2090 certa
971 2031 1066 2090 soien-
1118 2031 1120 2038 ⁴

144 2115 192 2191 tia,
213 2132 281 2176 nou
304 2133 345 2175 ex
366 2113 571 2194 opinionibus.
596 2111 805 2193 Respondebo
828 2131 887 2194 ego
910 2131 965 2192 pro
985 2112 1067 2185 Prin-

143 2198 219 2277 cipe,
242 2197 317 2275 Fac,
338 2206 373 2258 ut
393 2198 488 2259 sciam
507 2196 588 2257 banc
608 2215 679 2256 esse
692 2202 806 2257 certam
821 2196 992 2275 scientiam,
1013 2216 1067 2275 po·
1179 2220 1195 2231 -

143 2287 231 2341 natur
269 2280 301 2339 in
323 2279 464 2359 scriptis,
491 2279 638 2339 formetur
659 2278 688 2337 in
712 2278 826 2354 literas,
848 2297 910 2337 non
926 2284 1067 2342 vereatur

143 2361 301 2441 publicum
330 2369 362 2424 et
382 2360 492 2423 lucem.
525 2360 616 2435 Quod
643 2360 695 2421 ubi
724 2360 837 2423 facum
864 2360 969 2437 fuerit,
999 2366 1070 2430 tnnc

144 2444 264 2508 mittam
277 2445 413 2507 Fratrem
432 2444 594 2504 Muttinem
617 2442 656 2504 ad
681 2442 804 2521 Urbem,
826 2443 889 2503 imo
911 2444 978 2521 ipse
999 2460 1068 2505 eura

142 2528 265 2606 capiam
288 2533 320 2589 et
339 2525 530 2603 interficiam.
558 2526 645 2586 Tunc
672 2525 830 2587 consutam
859 2524 969 2585 honori
1000 2544 1069 2585 meo

143 2617 174 2669 et
194 2610 410 2673 monsiestias
429 2614 597 2685 moseres
624 2626 688 2669 non
718 2626 830 2686 ponem
860 2607 1010 2669 maculam
1037 2608 1067 2667 ie

143 2690 277 2771 plurim
299 2709 410 2753 meam.
441 2692 552 2751 Donec
572 2694 675 2754 autem
697 2688 752 2749 illa
771 2696 857 2749 certa
877 2690 1006 2749 scientia
1025 2689 1069 2749 ln.

144 2794 210 2833 cem
235 2772 322 2854 frigit,
346 2781 378 2833 et
399 2792 462 2835 non
483 2773 541 2833 nisi
562 2790 642 2833 voce
664 2778 780 2833 tanturn
804 2771 920 2851 prodit,
943 2770 1016 2833 uolo
1038 2773 1069 2833 in

142 2855 288 2919 tenebras
310 2854 482 2933 confidere3
510 2854 634 2934 quoodo
657 2872 716 2915 neo
748 2854 800 2913 lux
823 2855 898 2914 eatis
926 2859 990 2915 tun
1014 2861 1068 2916 est.

143 2939 195 2999 Sic
225 2940 310 3000 euim
339 2958 399 3019 ego
420 2936 656 3017 responderem,
685 2937 829 3017 Princeps
857 2934 1069 3009 illustrissime,

144 3040 251 3084 verum
272 3040 334 3083 nec
355 3022 499 3097 doctore,
528 3039 585 3081 nec
612 3019 741 3081 consule
775 3025 847 3098 eget
867 3018 1071 3079 illustrissime

146 3114 198 3171 tna
218 3102 395 3165 Pundentia.
426 3102 504 3164 Num
533 3120 657 3163 crassae
679 3103 757 3163 istnc
776 3100 927 3161 ltalitates
952 3100 1004 3182 (nt
1027 3101 1071 3159 sic

141 3183 295 3259 dixerim)
326 3192 359 3247 et
378 3185 591 3247 Romanitates
627 3184 688 3248 iarn
721 3184 822 3262 pneris
851 3201 973 3261 qnoque
999 3200 1071 3241 cen·
1101 3225 1105 3233 ι

145 3274 231 3329 tatae
251 3273 332 3329 suut.
469 3269 473 3277 “
1055 3310 1058 3317 r

230 3350 322 3413 Nunc
341 3348 457 3412 iudicet
476 3347 684 3409 illustrissima
705 3346 883 3409 Domioatio
905 3354 971 3421 tua,
985 3344 1071 3425 ‘quid

145 3432 278 3512 amplius
300 3432 403 3493 facere
424 3430 516 3491 debui
538 3437 591 3493 ant
612 3430 732 3507 debeo,
754 3448 809 3508 per
829 3428 1087 3505 periculatsuta·

147 3514 230 3575 vitoe
251 3521 283 3573 et
301 3514 408 3575 nutans
429 3521 538 3575 contra
559 3514 697 3575 omnium
719 3512 886 3573 amicorum
911 3510 1070 3571 consitium

146 3597 327 3677 comparui,
363 3602 396 3660 nt
416 3602 449 3656 st
468 3594 561 3657 bodie
582 3594 704 3671 dicant,
726 3610 776 3655 ros
797 3610 860 3651 non
882 3592 976 3653 fuisse
998 3590 1072 3654 obli

147 3685 254 3756 gotum
276 3696 466 3759 comparere.
489 3676 610 3738 Deinde
623 3696 726 3739 coram
741 3674 996 3739 reverendissimo
1014 3674 1073 3733 Do-

148 3761 234 3821 mino
255 3760 373 3842 legato
403 3759 522 3859 reddidi
556 3760 706 3819 rationem
738 3758 904 3847 dictorum·
922 3775 1072 3834 meorum.
