2600 4300
242 339 283 404 14
485 341 800 413 sepossedeo.
821 341 930 398 siries
993 313 995 320 ’

242 513 343 574 solnm
364 527 467 593 posse,
490 511 545 571 sed
564 512 679 572 debere
700 514 793 572 etiem
813 511 946 593 intelligi
964 511 1004 572 de
1024 512 1168 592 qnalibet

242 596 348 656 liorem
371 597 461 654 trium
482 596 740 674 poenitentiarum
763 595 943 656 oontendss.
985 631 988 638 ,

322 675 456 738 'l'ertism
498 677 666 738 falsitatem
707 697 808 741 meem
848 685 1026 759 persecutns
1067 678 1164 738 dieis:

239 759 344 822 Tertio
364 761 481 820 falsitas
504 769 552 820 est
571 761 614 820 sd'
633 761 798 841 hominem,
820 761 852 822 id
874 763 933 840 est,
953 762 992 822 sd
1012 767 1053 838 ts,
1075 760 1164 839 qued

241 845 359 905 soilioet
378 844 529 903 comtes
542 861 605 905 non
637 845 770 905 intendit
797 845 882 925 loqrri
911 846 1010 908 solum
1042 844 1082 904 de
1116 845 1166 903 in-

240 929 353 989 teriore
373 926 574 1008 poenitentis.
602 927 678 987 Hoe
694 927 775 988 enim
796 929 827 1000 in
851 947 885 989 se
907 928 1030 1008 quidem
1053 945 1165 988 verum

240 1019 303 1089 est,
334 1009 482 1088 sedtibi,
509 1011 561 1088 qni
582 1011 630 1069 ris
654 1009 806 1070 christum
829 1012 876 1072 hie
896 1011 1002 1072 serbis
1020 1011 1166 1070 indidere

239 1093 462 1174 poenitenliem
484 1094 515 1152 in
538 1095 621 1154 omni
641 1095 716 1170 rite,
730 1095 781 1154 de
801 1095 948 1156 exteriori
970 1113 1031 1154 non
1054 1100 1167 1174 potest

239 1177 379 1257 intelligi,
400 1193 493 1255 quem
508 1182 638 1256 oportet
656 1177 840 1238 interoidere
859 1190 977 1239 somno»
990 1175 1167 1257 orgendis,

231 1259 404 1340 'gestiendo
437 1275 506 1319 oum
538 1257 754 1339 gaudentibus·
771 1267 815 1321 et·
832 1261 1016 1322 huiusmodi.
1042 1287 1045 1294 ·
1069 1259 1166 1320 Unde

239 1342 299 1402 tibi·
314 1343 416 1402 solnm
438 1341 478 1401 de
497 1342 648 1402 interiori.
663 1350 767 1423 potest
793 1345 938 1425 intelligi,
969 1362 1034 1404 non
1061 1345 1166 1418 omni,

238 1424 480 1502 sed-hebitneli,
515 1427 591 1504 quie
612 1427 705 1486 etism
735 1427 912 1487 interiorem
939 1434 1042 1488 sonim
1071 1425 1166 1486 liberi

233 1506 354 1570 srbitrii
382 1509 570 1568 dormientes
596 1509 774 1572 posessorio
805 1510 1021 1572 intereidimus.
1073 1509 1167 1568 Heen

239 1589 395 1652 Silvester.

249 1695 253 1703 ⁴
321 1674 462 1746 Gred01]
497 1674 575 1734 hsee
597 1665 653 1734 tibi
674 1683 764 1735 sonte
786 1683 817 1736 et
837 1675 925 1736 llrrirs
946 1675 1049 1735 videri.
1092 1675 1166 1734 Ple-

238 1765 290 1818 oet
309 1764 428 1831 eutem,
459 1756 541 1835 quod
563 1757 640 1817 dinis
658 1758 826 1820 l'olsitstem
848 1777 917 1819 esee
939 1758 978 1818 od
1000 1758 1165 1818 hominem

241 1840 291 1916 (id
312 1848 378 1917 eet,
398 1839 437 1900 ed
458 1841 571 1900 faeiem
592 1848 624 1901 et
643 1841 893 1925 apparentiam),
926 1859 1033 1902 revere
1053 1846 1164 1900 nutem

239 1923 458 1984 solidissimam
487 1925 658 1984 verimtem.
701 1925 747 1984 De
780 1923 926 1986 habituali
957 1925 1165 2003 poenitentis,

237 2007 375 2067 elzomni
395 2008 460 2066 vite
479 2006 601 2086 egendo
623 2025 716 2088 supro
738 2009 811 2068 setis
834 2005 906 2086 dixi,
927 2023 1006 2086 quse
1019 2009 1077 2066 otei
1095 2025 1164 2068 non

151 2154 154 2159 ,
180 2123 184 2130 ·
238 2085 377 2150 litomni
398 2091 480 2166 vite,
515 2089 608 2151 debet
635 2097 739 2151 temen
767 2089 833 2152 lieri
863 2095 946 2153 omni
974 2091 1051 2170 rite,
1086 2089 1164 2151 ideo

213 2176 322 2257 sonim
341 2189 514 2253 pensemus,
536 2192 719 2253 quemquem
742 2172 816 2253 ii2),
839 2176 889 2254 qul
912 2176 1033 2234 suntin
1046 2175 1163 2255 metis,

237 2257 322 2317 nullo
346 2262 504 2317 momento
536 2265 611 2317 sunt
636 2260 703 2317 sine
727 2258 982 2338 poenitentis*),
1015 2263 1078 2317 tem
1108 2276 1165 2317 ex-

234 2342 341 2401 teriori
363 2358 453 2418 quem
476 2340 623 2419 interiori,
646 2342 719 2419 quie
739 2340 933 2401 senetillosnt
954 2358 989 2400 se
1010 2340 1049 2401 ab
1071 2343 1165 2401 omni

236 2425 468 2502 inquinamento
492 2425 592 2483 sernis
613 2432 645 2483 et
667 2426 805 2503 spiritus,
836 2425 909 2485 lieet
936 2424 1009 2505 et³)
1039 2423 1165 2483 oernili

194 2534 206 2551 ι
235 2509 336 2567 oinem
357 2504 442 2565 illom
465 2505 689 2586 eoniietemque
710 2507 887 2588 hypocrisin
909 2526 972 2567 non
995 2507 1122 2568 leniant.

320 2589 354 2649 ld
387 2607 452 2650 non
481 2590 556 2649 setis
589 2590 731 2651 admirari
759 2610 902 2671 possum,
935 2589 1018 2669 quod
1051 2596 1166 2669 operte

237 2693 333 2754 neges
355 2673 578 2752 poenitentiam
599 2674 631 2733 in
655 2673 768 2754 gaudio
791 2676 841 2755 agi
862 2692 971 2755 posse,
992 2690 1060 2733 oum
1083 2692 1164 2753 pne-

235 2755 434 2833 nitentie**j
461 2774 498 2816 eo
523 2757 563 2815 sit
583 2759 697 2835 purior,
721 2776 781 2837 quo
804 2758 895 2817 suerit
914 2756 1040 2817 hilarior
1061 2764 1094 2816 et
1117 2758 1164 2815 iu-

235 2840 381 2918 cundior,
413 2838 547 2899 Hilarem
580 2840 720 2900 dotorem
742 2840 842 2921 diligit
863 2840 957 2899 Deus.
1001 2838 1062 2899 Sed
1084 2858 1165 2920 epo-

243 2923 372 3001 stolum,
400 2940 533 3002 quaeso,
564 2924 777 3003 reprehende,
805 2925 856 3002 qui
876 2922 1165 2983 Thessalonicensi-

236 3006 293 3067 bus
315 3006 482 3086 praecipit:
505 3005 633 3086 Semper
653 3007 786 3087 gaudete
806 3008 837 3065 in
860 3002 1096 3088 Domino***).
1121 3006 1166 3065 Et

235 3087 407 3171 Psalm.†):
459 3087 588 3168 Semper
622 3090 688 3149 leus
717 3091 782 3149 eius
801 3091 842 3148 in
866 3108 920 3150 ore
948 3106 1030 3149 meo.
1092 3089 1164 3165 Dio,

235 3189 324 3253 rogo,
345 3171 682 3251 utaliquando‘etiom
703 3173 841 3253 plorent,
866 3178 897 3232 st
918 3171 1106 3231 maledieent
1129 3172 1163 3231 in

233 3256 380 3315 llomino.
434 3254 530 3335 Igitur
561 3273 686 3334 semper
715 3258 746 3315 in
780 3256 914 3317 llomino
950 3254 1163 3335 gnudendum,

236 3356 357 3423 semper
388 3338 419 3396 in
455 3336 545 3398 nobie
576 3338 768 3417 plorandum.
822 3339 855 3399 ln
892 3339 958 3399 Deo
997 3338 1163 3417 hebemus,

244 3604 271 3624 .‚
312 3572 342 3630 l)
366 3567 524 3637 intedlen.
544 3569 660 3639 legitur:
680 3567 757 3623 Luth.
779 3567 869 3626 Credo
880 3576 931 3624 ste:
948 3632 951 3639 Ι
967 3568 997 3639 2)
1016 3566 1097 3621 lbid.:
1124 3567 1162 3618 hi.

235 3643 267 3699 bl
289 3641 356 3695 lbid.
377 3639 467 3691 deest:
486 3647 521 3694 et.

308 3715 337 3774 ⁸)
362 3711 494 3765 Homines
515 3715 651 3781 ingratis
670 3714 820 3765 existentes
840 3726 896 3763 non
915 3714 979 3761 sunt
1009 3711 1069 3762 sine
1093 3724 1163 3776 poe-

236 3787 358 3837 nitentis.
446 3780 494 3852 ⁰)
524 3784 696 3837 Poenitentio
722 3783 826 3837 hilaris.
915 3784 978 3843 Ψ)
1008 3782 1106 3834 Thess.
1135 3782 1161 3833 4.

228 3860 270 3925 ·†)
292 3855 384 3909 Pselm
404 3852 466 3910 to.
561 3897 566 3912 ‚
