2600 4300
233 303 297 399 131?
472 302 671 359 suanm
687 300 797 369 mapa.
817 298 895 353 nna

233 475 311 537 mori
332 492 397 536 non
417 470 580 547 reaumbo,
599 469 724 533 Domini
735 470 819 533 enim
837 474 885 530 est
899 476 991 546 terra,
1016 471 1049 527 et
1063 427 1156 545 pleni-

235 557 308 620 tudo
330 558 408 630 eins,
429 556 483 636 qui
502 552 753 616 estbenedictus
774 554 806 613 in
826 551 948 628 secula,
970 551 1091 627 Amen,
1109 549 1157 627 qni

233 648 267 703 et
293 647 326 700 ta
356 638 517 703 servetis
538 643 713 715 oeternum,
746 634 899 709 Amen1).
942 634 1040 695 Anno
1061 632 1102 693 Μ.
1120 632 1158 691 D.

231 722 344 785 xvnr

421 878 695 975 Protestatio
726 878 968 974 Reverendi

296 1058 396 1120 Patris
418 1056 542 1118 Martini
562 1054 685 1115 Lutberi
706 1053 923 1136 Augustinisni
945 1056 1102 1116 Vnittem·

547 1138 707 1219 bergensis
730 1145 788 1199 eto.
801 1138 845 1215 ²).
984 1156 987 1163 ⁴

203 1286 207 1295 ·
318 1255 398 1335 Quia
418 1256 497 1317 haee
518 1262 566 1315 est
586 1254 766 1334 theologica
785 1252 961 1335 disputatio,
985 1276 1050 1336 quo
1074 1276 1164 1336 paea·

235 1342 329 1419 tiores
351 1340 460 1400 iaeiam
483 1338 615 1414 animos,
637 1337 720 1397 nudo
746 1336 960 1418 disputationis
979 1345 1071 1402 textu
1087 1339 1164 1399 forte

236 1424 387 1499 offensos,
432 1428 571 1502 repetam
608 1417 660 1481 hio
699 1420 800 1497 denuo
834 1424 1099 1503 protestationem
1133 1424 1162 1481 in

236 1506 351 1569 scholis
372 1504 439 1565 fleri
460 1504 592 1566 solitam.

318 1588 451 1649 Primum
473 1593 644 1667 protestor,
667 1604 717 1645 me
737 1604 865 1665 prorsus
883 1587 959 1647 nihil
982 1587 1090 1649 dicere
1113 1594 1163 1647 aut

236 1674 344 1735 tenere
364 1670 456 1745 velle,
477 1670 535 1730 nisi
547 1668 630 1749 quod
652 1671 682 1729 in
706 1674 738 1729 et
759 1686 798 1729 ex
812 1668 1026 1732 saeris'iiteris
1051 1672 1162 1751 primo,

237 1754 348 1816 deinde
375 1754 590 1814 ecelesiasticis
618 1751 771 1832 patribus,
803 1752 841 1829 ab
859 1754 991 1814 ecelesia
1016 1754 1162 1815 Romane

236 1830 378 1919 ¹receptis,
399 1837 558 1915 hueusque
581 1834 720 1912 servatis,
743 1842 833 1895 etex
856 1837 1025 1897 canonibus
1052 1856 1091 1897 ao
1114 1837 1160 1897 de·

238 1920 400 1982 eretalibus
421 1917 587 1999 pontificiis
609 1916 739 1978 habetur
760 1925 791 1977 et
812 1916 917 1979 heberi
929 1926 1043 1999 potest.
1069 1918 1156 1995 Quod

238 2004 264 2065 si
287 2001 358 2082 quid
379 2021 419 2062 ex
439 2002 476 2061 iis
498 2000 621 2080 probari
643 1997 693 2060 vel
714 2000 879 2081 improbari
901 2022 963 2063 non
987 2010 1106 2083 potest,
1127 2001 1156 2062 id

238 2087 337 2170 gratia
358 2084 573 2165 disputationis
596 2083 755 2162 duntaxat,
777 2102 833 2164 pro
847 2082 960 2145 iudicio
977 2088 1110 2145 rationis
1133 2093 1160 2145 et

239 2169 429 2250 experientia
450 2167 580 2244 tenebo,
614 2185 737 2246 semper
757 2173 860 2228 tamen
882 2170 913 2227 in
938 2169 984 2230 his
1007 2169 1097 2230 salvo
1120 2171 1158 2228 iu·
1186 2215 1187 2228 ,

116 2248 121 2254 ’
239 2252 321 2313 dieio
344 2252 479 2312 omnium
503 2251 694 2329 superiorum
717 2269 864 2312 meorum.

321 2334 421 2394 Unum
443 2331 517 2392 illud
550 2331 631 2393 addo
666 2339 697 2392 et
727 2332 800 2393 mihi
834 2330 966 2411 v'e'ndioo
987 2335 1057 2394 iure
1080 2335 1156 2396 Chri·

239 2419 357 2479 stianae
379 2415 537 2492 libertatis,
560 2415 642 2495 quod
667 2417 830 2494 opiniones
841 2413 875 2480 Β.
889 2415 1039 2495 Thomas,
1062 2419 1157 2478 Bona-

239 2509 402 2580 venturae,
434 2507 487 2560 aut
508 2498 637 2560 aliorum
661 2497 913 2560 scholasticorum
947 2501 998 2560 vel
1037 2503 1157 2561 eanoni-

239 2590 353 2643 stsrum
374 2581 481 2657 nudas,
503 2583 570 2642 sine
594 2585 678 2641 textu
693 2588 724 2640 et
737 2581 920 2662 probatione
935 2584 1067 2663 positas,
1092 2583 1156 2644 volo

238 2684 295 2749 pro
319 2684 389 2726 meo
412 2663 537 2725 arbitrio
559 2664 691 2724 refutare
714 2665 763 2724 vel
785 2673 961 2746 aooeptare,
992 2668 1157 2727 seeundum

189 2819 197 2834 x
240 2747 401 2810 eonsilium
434 2747 583 2821 Pauli*):
617 2747 729 2808 Omnia
760 2747 904 2828 probate,
941 2750 1023 2828 quod
1048 2751 1155 2810 bonum

240 2837 421 2892 esttenete.
464 2830 531 2890 Etsi
553 2829 617 2890 seio
641 2829 832 2908 quorundam
844 2829 1074 2892 Themistarum
1096 2853 1155 2892 sen-

240 2915 382 2991 tentiam,
414 2911 814 2976 volentiumB.Th01nam
852 2913 890 2974 ab
923 2915 1058 2976 ecelesia
1094 2933 1155 2976 esse

240 3016 258 3056 a
281 2995 442 3077 probatum
460 2997 491 3054 in
514 2995 672 3073 omnibus,
701 3001 824 3056 constet
845 2997 935 3078 satis,
957 3007 1104 3076 quantum
1126 2999 1154 3058 B.

288 3098 378 3139 omae
411 3077 514 3138 voleat
534 3079 692 3140 autoritas.
744 3077 811 3140 Hae
840 3098 910 3140 mea
938 3083 1155 3159 protestatione

242 3161 335 3222 eredo
357 3162 430 3221 satis
452 3161 644 3220 manifestum
677 3157 758 3239 fieri,
792 3161 874 3242 quod
910 3183 1011 3223 errare
1035 3163 1153 3244 ‘quidem

238 3250 360 3329 potero,
383 3243 438 3304 sed
460 3243 632 3304 haereticus
656 3262 718 3303 non
746 3258 817 3322 ero,
852 3241 1076 3324 quantumlibet
1105 3247 1152 3307 ire-

239 3338 326 3389 mant
348 3334 384 3388 et.
399 3325 559 3387 tabescant
577 3328 609 3405 ii,
632 3327 683 3406 qui
705 3327 793 3388 s'liter
812 3331 946 3390 sentiunt
960 3330 1011 3390 vel
1026 3333 1152 3412 eupiunt.

655 3410 748 3472 Finis.
885 3417 886 3424 ’

648 3489 652 3495 ·
678 3501 679 3508 κ
794 3496 796 3504 ’
1113 3491 1130 3528 s

316 3556 347 3652 1]
370 3587 398 3636 ln
436 3587 478 3639 ed.
508 3587 559 3640 Jen
605 3583 727 3640 additum
756 3571 830 3642 iest:
867 3589 919 3642 Die
955 3588 983 3642 S.
1011 3589 1151 3646 Trinitatis.

211 3700 214 3706 .
240 3643 373 3856 {ngpp
396 3655 492 3762 verpe:
530 3659 703 3755 Protesiatio'
723 3657 782 3756 'ete‘
811 3659 1028 3754 non‘legu'ntur
1059 3665 1086 3755 in
1117 3663 1150 3720 ed.

368 3792 552 3852 hufflatta
623 3845 626 3851 .
786 3827 789 3847 ι
838 3758 855 3852 Α.
906 3837 919 3847 ··
980 3799 982 3806 ’
