2600 4300
229 311 274 382 88
332 334 336 338 ·
519 315 652 388 Batiana
669 316 871 388 Rupanaionia

235 488 323 558 dioit‚
351 480 517 548 eooleairim
536 507 697 550 ronanam
718 506 806 553 auam
828 487 1013 569 prioritatem
1034 491 1066 548 et
1087 502 1157 548 eon·

233 576 397 652 requenter
409 572 604 632 autoritatem
617 589 679 633 non
696 591 716 638 n
733 570 801 632 Deo
813 589 944 652 semper,
966 569 1021 630 aed
1035 567 1158 630 aliunde

233 676 253 716 a
276 660 385 734 qnater
401 662 523 714 eentum
547 655 636 714 annia
658 653 810 716 habniaae.

312 736 353 796 Et
373 734 414 796 ibi
437 739 465 798 1.
496 736 579 814 quod
606 755 710 816 aquo
732 735 1054 816 romauipontifioea,
1088 738 1158 814 poet

230 820 264 880 B.
299 818 437 896 Petrum,
474 838 562 880 auam
601 821 796 882 autoritatem
838 819 1044 899 aoeeperint,¹
1074 815 1157 876 multi

228 903 468 983 ignoraruntutt
502 908 533 962 et
553 901 595 962 ibi
617 902 732 963 multae
752 901 951 962 recluduntur
983 900 1156 981 opiniones.

310 985 351 1045 Iit
372 986 401 1046 2.
427 984 511 1063 quod
539 986 659 1046 romani
690 984 841 1046 Praeaulia
871 989 1011 1064 pateatne
1042 1003 1064 1042 a
1092 981 1158 1042 Deo

229 1067 351 1128 Obriato
366 1066 542 1126 immediate
557 1076 613 1129 eat.
656 1067 705 1128 Ex
727 1085 790 1146 quo
810 1067 945 1144 insertur,
968 1065 1052 1146 quod
1077 1071 1159 1125 totua

230 1150 361 1211 mundun
372 1149 462 1209 aimui
473 1151 590 1210 romani
599 1149 750 1210 Praeaulia
770 1151 975 1228 autoritatem,
990 1168 1029 1209 ne
1039 1143 1157 1228 dumv)

230 1233 369 1311 aufferre,
390 1251 496 1292 verum
518 1251 577 1293 nee
599 1233 729 1292 limitare
752 1231 874 1311 quidem
897 1229 950 1294 aui
972 1231 1160 1310 restringere

190 1368 196 1381 ι
255 1316 341 1377 oaait.

233 1337 254 1398 p
313 1397 352 1457 Et
372 1399 402 1461 3.
425 1395 669 1476 quodautoritaa
692 1396 869 1472 eonciliiw)
893 1402 1025 1458 nonest
1048 1395 1160 1474 aDeo,

230 1481 289 1542 niai
309 1481 340 1539 iu
363 1498 437 1540 eaeu
458 1479 614 1554 tiaereaia,
647 1478 696 1540 vel
718 1479 907 1557 aohiamatia,
922 1516 923 1520 =
940 1497 1002 1541 non
1023 1477 1159 1559 ,quidem

232 1564 333 1634 omni,
361 1561 416 1622 aed
437 1561 590 1641 quodam,
617 1561 742 1640 quando
771 1561 914 1622 videlieet
942 1561 981 1624 de
1004 1561 1093 1623 nullo
1115 1567 1161 1622 ert

231 1653 346 1708 eertum
369 1651 422 1706 aut
442 1644 648 1724 purificabiie,
683 1644 765 1724 quod
794 1645 833 1704 ait
853 1643 978 1706 Praeam
999 1663 1160 1720 romanus,

230 1730 285 1790 aed
306 1729 405 1789 omnia
422 1727 572 1788 autoritaa
588 1727 712 1788 Petrum
730 1726 870 1803 Ooueilii,
891 1729 958 1788 aive
978 1733 1012 1788 ut
1033 1726 1160 1808 singuli,

231 1814 296 1872 aive
316 1818 348 1870 ut
370 1809 535 1889 ooiiegium
557 1809 606 1870 vel
627 1809 802 1887 eonoiliunr,
825 1815 872 1870 eat
893 1829 1066 1872 aromano
1083 1809 1160 1870 Pou-

230 1894 321 1955 tifiee.
363 1892 422 1954 Ubi
450 1893 541 1952 etiam
570 1893 684 1954 multae
713 1892 751 1952 de
779 1893 839 1953 hoe
867 1892 963 1954 saluae
989 1893 1156 1974 opiniones

234 1977 396 2037 eliduntur.
518 1993 526 2010 ·

315 2059 353 2118 Et
384 2059 415 2120 i.
449 2056 531 2137 quod
565 2057 643 2118 iuter
673 2057 814 2119 hominen
847 2057 976 2137 aoluax)
1009 2076 1159 2120 romanus

118 2126 125 2141 ’
233 2142 375 2205 Pontifex
397 2138 490 2201 habet
511 2160 598 2201 auaro
621 2141 816 2203 autoritatem
839 2162 857 2201 a
880 2141 947 2203 Deo
969 2140 1159 2202 immediate.

315 2226 355 2285 itit
370 2223 412 2285 ibi
434 2222 532 2284 multa
553 2225 709 2286 contraria
729 2224 945 2301 dieeoiruntur,
967 2231 997 2285 et
1019 2226 1158 2285 maxime
1198 2222 1200 2229 ’

232 2309 315 2389 quod
343 2307 423 2369 eolat
443 2305 555 2367 adduoi
578 2325 619 2367 ex
641 2306 766 2367 deereto
789 2307 910 2368 uoneilii
941 2307 1159 2369 Constantian-

232 2394 290 2470 aia,
313 2390 396 2469 quod
417 2408 602 2468 quamquam
625 2388 733 2469 veriy)
769 2390 890 2451 oonoilii
912 2389 1071 2450 deoretum
1096 2408 1159 2451 non

230 2474 333 2551 tuerit,
365 2479 399 2533 ut
418 2470 562 2552 probavit
583 2471 733 2532 Domino·
753 2472 890 2534 Joannee
913 2471 952 2533 de
971 2472 1070 2533 Turre
1087 2471 1158 2533 Ore-

232 2556 367 2630 mata⁸):
393 2563 496 2615 tamen
517 2556 609 2615 etiam
632 2554 769 2615 salvatur
789 2562 820 2615 et
841 2554 1021 2632 ostenditur,
1050 2574 1158 2617 verum

231 2656 302 2700 erae
324 2646 464 2719 tempore
484 2637 657 2697 aehiamatie
679 2656 735 2716 per
755 2639 890 2699 rationes
911 2645 943 2697 et
965 2638 1159 2717 autoritatee,

233 2724 264 2781 in
285 2740 348 2801 qua
369 2728 471 2779 tamen
495 2720 647 2779 sententia
667 2719 862 2799 peritioribus
884 2719 1025 2781 defertur.

317 2802 393 2883 cap.
416 2804 466 2865 11.
509 2800 600 2876 Quod
627 2802 659 2861 in
681 2802 891 2863 ecclesiastiea
917 2802 1090 2865 hierarchia
1113 2822 1158 2864 ro

233 2905 342 2947 manua
364 2884 489 2945 Praeerd
518 2885 557 2943 eit
577 2904 714 2945 oummua
737 2884 1066 2967 hierarcha,iude12)
1092 2888 1159 2947 aine

232 2968 343 3042 indiae,
367 2972 473 3029 eontra
496 2965 715 3045 adversarium,
737 2968 789 3048 qui
811 2988 829 3029 a
849 2968 1159 3049 RomanoPraeeule

233 3050 420 3133 appellando
442 3049 516 3109 feeit
537 3049 668 3109 iudieem
683 3052 881 3132 superiorem,
901 3058 956 3111 aot
969 3051 1156 3131 singularem

287 3367 322 3435 u)
342 3367 400 3420 tiae
418 3368 529 3430 mnam,
548 3382 611 3419 oum
623 3366 710 3421 iiliex
723 3366 867 3423 eorderuo
879 3369 1023 3439 tingerent.
1058 3369 1091 3439 v)
1108 3370 1157 3423 Fu·

232 3454 280 3491 ror
299 3438 425 3491 Silveatri
442 3439 558 3505 primur.
595 3442 636 3502 w)
656 3438 743 3493 Furor
762 3439 908 3493 secundun.
944 3446 979 3503 x)
999 3441 1032 3494 Et
1041 3444 1083 3495 aie
1091 3443 1157 3495 Pau·

232 3510 277 3561 lua
295 3509 330 3561 ad
351 3508 464 3562 Galatae
483 3510 628 3573 mentitur,
653 3510 763 3574 dicens,
788 3527 845 3565 non
871 3527 922 3580 per
944 3512 1087 3567 hominem
1107 3530 1156 3567 nee

233 3595 269 3631 ex
288 3580 455 3633 hominibus.
494 3587 526 3645 y)
544 3579 631 3644 Nota,
659 3581 827 3639 Romaniatia
847 3590 889 3635 eat
906 3584 1064 3649 concilium,
1084 3586 1156 3653 quio-

234 3649 300 3714 quid
324 3655 358 3699 ει
376 3657 509 3716 quantum
534 3654 625 3703 viaum
649 3654 738 3705 fuerit.
779 3658 810 3715 a)
834 3654 866 3705 Et
883 3654 936 3707 hoe
954 3656 1154 3709 Antichriatnrn

234 3720 379 3782 iacturum,
398 3726 441 3770 eat
461 3720 631 3787 praedictum
650 3738 700 3789 per
720 3724 885 3791 apostolum.

288 3784 321 3848 3)
341 3786 372 3837 In
391 3788 433 3840 ed
451 3791 551 3856 prinu:
572 3790 617 3844 do.
635 3792 679 3850 Jo·
698 3792 734 3846 de
751 3798 802 3847 tur.
822 3794 928 3851 crema.
