2600 4300
353 331 451 383 eontra
461 327 533 384 llsl.
548 327 669 383 lohanu.
689 327 764 382 Eruli
782 323 869 382 ludio.
1011 325 1074 396 489

154 501 239 563 dieat
260 502 311 580 ⁸),
329 497 419 569 Biout
438 501 521 560 misit
540 519 591 562 me
606 499 697 560 Pater
718 505 750 559 et
770 517 830 580 ego
851 499 938 560 mitto
960 513 1027 576 vos,
1048 497 1074 556 si

154 586 204 645 oui
223 585 402 645 remiseritis
423 589 573 663 peoosta,
594 584 786 643 remittentur
805 583 869 642 illi:
897 587 1019 656 tamen,
1040 583 1075 639 ut
1199 643 1201 648 ,

153 669 302 728 unitatem
318 666 535 743 manifestaret,
559 667 683 726 unitatis
706 665 842 726 eiusdem
865 665 1014 742 originem
1035 661 1073 723 ab

154 769 215 811 uno
236 750 434 829 insipientem
455 769 512 809 sua
532 750 696 810 autoritate
717 748 876 828 disposuit.
910 747 976 808 Hoo
989 751 1076 808 erant
1109 806 1114 817 .

155 833 262 912 utique
283 839 316 893 et
336 834 429 894 oeteri
446 833 591 912 apostoli,
612 832 810 912 quodPetrus
831 831 895 908 suit,
915 832 979 911 pari
1003 848 1074 890 oon·

153 916 252 977 sor'tio
273 915 405 996 praediti
418 922 450 976 et
460 916 587 976 honoris
600 923 632 976 et
645 917 817 995 potestatis,
839 914 893 984 sed
915 913 1087 974 exordium

154 999 194 1079 pb
217 1001 334 1060 unitate
355 998 571 1078 proficiscitur,
594 1006 628 1058 ut
647 999 780 1059 soolesia
801 1017 862 1058 una
883 1003 1075 1058 monstretur.

238 1082 298 1144 Ubi
318 1082 370 1142 hio
396 1083 503 1142 Petrus
529 1083 673 1162 princeps
700 1081 892 1142 eonstituitur
919 1079 1075 1160 apostolo·

153 1186 240 1244 rum,
271 1167 350 1225 siout
371 1165 556 1245 depravator
574 1164 680 1224 infelix
701 1165 810 1245 garrit,
832 1183 888 1225 sua
910 1163 999 1224 nobis
1021 1181 1077 1242 pro

154 1249 303 1330 Cypriani
323 1248 425 1309 verbis
447 1247 629 1308 insuloans?
660 1247 832 1329 Cyprianus
855 1265 958 1327 parem
981 1247 1077 1307 hono·

153 1334 194 1392 ris
224 1339 257 1392 et
283 1332 447 1411 potestatis
472 1331 603 1412 gratiam
634 1331 737 1410 pslam
764 1332 886 1407 asserit,
923 1329 977 1390 sed
1006 1329 1077 1408 quia

154 1417 257 1476 unitas
279 1414 318 1476 ab
340 1415 507 1491 unovenit,
527 1413 599 1474 ideo
613 1412 694 1474 hano
714 1415 876 1494 potestatis
893 1411 1076 1492 parilitatem

153 1498 230 1558 dioit
251 1499 407 1576 inoeptsm
435 1495 474 1557 ab
495 1515 558 1557 uno
580 1496 688 1574 Petro,
711 1497 834 1576 quando
856 1496 946 1576 dixit:
975 1496 1021 1555 Tu
1042 1513 1076 1554 es

154 1581 275 1652 Petrus,
299 1587 333 1640 ut
353 1581 454 1640 unitas
475 1579 626 1640 eoelesise
640 1587 868 1641 monstraretur.

241 1665 302 1724 Vix
328 1663 458 1724 similem
492 1668 525 1723 et
559 1662 764 1742 pulohriorem
797 1662 1077 1744 interpretationem

154 1746 228 1808 vidi.
260 1745 364 1806 Olaret
392 1746 473 1806 enim
504 1752 638 1806 mentem
669 1745 699 1806 S.
729 1747 869 1825 Martyris
900 1763 982 1823 esse,
1015 1763 1077 1805 non

153 1830 279 1891 Petrum
313 1847 382 1889 esse
410 1829 578 1908 prinoipem
609 1829 821 1908 apostolorum
855 1829 884 1888 in
919 1829 1078 1909 regimine,
1183 1885 1191 1897 ,

154 1914 229 1992 quis
258 1912 343 1972 olsre
368 1911 457 1971 dioit:
494 1910 564 1971 Hoo
595 1919 684 1971 erant
704 1913 795 1971 ceteri
817 1911 966 1991 apostoli,
996 1910 1078 1990 quod

153 1995 275 2073 Petrus,
297 1995 353 2055 sed
375 1993 608 2072 quodpotestss
628 1993 708 2054 haee
729 1995 863 2054 omnium
882 1994 1019 2073 aequalis
1041 1995 1081 2053 sit

155 2080 291 2161 primum
312 2077 385 2138 data
405 2078 515 2155 Petro,
548 2083 582 2136 ut
602 2075 641 2138 ab
663 2096 726 2140 uno
747 2077 837 2136 Petro
860 2096 921 2138 non
943 2082 1081 2157 potestas

155 2162 240 2223 Petri
267 2162 443 2239 (utileoius
466 2159 606 2236 delirat),
627 2160 683 2221 sed
705 2162 804 2221 unitas
827 2160 976 2221 eoolesiae
997 2180 1081 2221 mon-

154 2252 314 2307 atteretur.
346 2244 418 2305 Non
439 2243 506 2304 vult
525 2244 675 2323 originem
697 2246 859 2324 potestatis
877 2264 896 2304 a
917 2244 1007 2304 Petro
1029 2262 1079 2304 ve*

155 2331 223 2389 nire
255 2330 287 2388 in
315 2327 493 2408 apostolos,
526 2324 582 2386 sed
604 2328 683 2387 siout
714 2328 813 2387 unitas
843 2327 1006 2387 multorum
1038 2326 1077 2387 ab

155 2430 218 2473 nno
241 2412 342 2487 venit,
362 2412 407 2470 ita
428 2408 589 2470 exordium
608 2428 629 2471 s
643 2409 733 2470 Petro
755 2411 913 2489 inoiperet‚
936 2408 1008 2471 lieet
1028 2428 1078 2469 se·

158 2494 295 2573 qualiter
314 2493 421 2554 omnia
442 2492 584 2554 omnibus
605 2491 801 2566 donarentur.

241 2577 359 2637 Merum
381 2593 456 2656 ergo
478 2581 511 2637 et
528 2574 671 2636 frivolum
695 2582 902 2637 oommentum
924 2581 970 2635 est
986 2574 1080 2652 Eoeii,

156 2658 320 2739 apostolos
339 2676 448 2719 omnes
469 2658 564 2719 fuisse
591 2676 682 2737 pares
703 2659 734 2718 in
756 2658 942 2738 apostolatu,
964 2676 1026 2718 nou
1047 2659 1079 2717 in

157 2743 318 2823 regimine.
347 2740 435 2801 'l'uno
463 2741 544 2801 enim
578 2742 672 2801 reteri
701 2740 834 2823 apostoli
867 2760 929 2802 non
960 2741 1081 2801 luerunt

156 2824 242 2905 qnod
262 2824 386 2903 Petrus,
411 2842 471 2885 neo
504 2842 611 2903 parem
637 2823 810 2885 habuerunt
836 2830 1019 2904 potestatem
1050 2830 1082 2883 et

156 2908 319 2983 honorem,
340 2906 643 2987 otGyprianusdioit
664 2906 790 2969 Annon
813 2906 1080 2989 estaliudregers‚

157 2998 189 3052 et
208 2990 295 3052 aliud
321 2990 409 3071 regi?
430 2989 543 3050 Nonne
563 2990 734 3069 inaequalis
762 2997 900 3070 potestas
930 2997 962 3051 et
980 2991 1081 3052 honor

156 3076 234 3135 resti
255 3082 289 3135 et
306 3072 463 3153 regentis?
493 3111 497 3119 »

238 3156 340 3218 nram
374 3174 536 3217 erroneum
570 3163 635 3236 est,
665 3155 872 3237 apostolatum
901 3174 971 3216 esse
998 3150 1078 3215 aliud

158 3259 251 3319 quam
283 3240 440 3320 regimen,
475 3239 548 3318 quia
577 3238 771 3319 apostolatus
800 3238 936 3299 offioium
962 3236 1080 3317 regimi-

160 3325 207 3383 nis
229 3328 279 3383 est
296 3324 430 3384 omnino.
465 3322 629 3384 Distinetio
649 3324 710 3383 iste
731 3329 803 3383 nata
823 3328 886 3399 est,
909 3318 991 3401 quod
1013 3336 1082 3380 oos-

159 3408 205 3487 pit
228 3406 376 3485 distingui
396 3406 476 3467 inter
507 3405 686 3486 dignitatem
708 3412 739 3466 et
760 3404 912 3482 offloium,
935 3401 1016 3483 quod
1038 3403 1080 3462 iu·

160 3489 289 3550 ridieum
311 3495 374 3563 est,
395 3506 458 3549 non
481 3488 699 3571 theologicum.
730 3488 886 3569 tAlioquin
910 3487 1080 3567 Cyprianus
1131 3494 1133 3499 '

160 3572 269 3633 inisset
292 3570 483 3650 hamedeus,
505 3572 645 3651 quisine
668 3573 831 3633 autoritate
852 3571 983 3633 Romani
1004 3586 1079 3651 pon·

162 3652 252 3715 tiliois
274 3654 439 3733 episeopus
460 3655 585 3731 urserit,
606 3654 738 3718 eoncilia
752 3654 867 3733 habuit,
888 3660 921 3715 et
939 3652 1080 3713 ordinan-
1133 3653 1136 3672 ¹

215 3826 248 3896 ⁸)
267 3827 331 3883 Joh.
347 3827 393 3884 21.
