2600 4300
332 384 335 393 .
362 347 459 397 uonna
473 341 538 397 ¹let.
556 342 676 398 taum
694 342 766 398 Eceti
782 342 871 398 tudio.
943 411 951 424 .
1015 341 1079 411 473

152 507 226 570 tini
247 508 373 588 quidem
396 510 519 590 hatra,
550 512 603 592 qui
630 531 700 574 eum
727 511 916 576 auditoribus
940 515 1016 576 meis
1038 514 1093 596 ed,

152 609 192 652 se
212 594 335 657 mus
355 593 544 656 familiariter
575 597 734 675 congressi
766 597 887 676 privato
921 597 1078 678 colloquio

153 693 254 753 super
286 675 427 738 doetrim
461 695 531 738 mea
559 678 784 740 contenderunt
811 685 918 758 (nam,
947 688 980 740 ut
1008 688 1079 742 sunt

152 756 302 818 homines
323 758 363 820 de
379 759 448 821 Deo
468 760 590 839 pesitus
610 761 821 842 desperantes,
843 763 924 826 fame
946 783 980 824 sc
1001 765 1079 844 peri·

154 845 245 901 turos
268 842 393 922 timent,
424 844 482 904 nisi
503 843 651 924 populum
676 845 737 906 sais
761 845 878 906 asenna
899 865 937 908 aa
958 845 1078 924 sabulis,

154 923 207 984 vel
226 942 247 984 a
266 943 302 984 se
324 925 373 986 rel
405 943 481 986 suae
500 925 617 988 tannae
638 927 782 990 fraribus
804 919 996 1011 excogitatis,
1020 929 1079 992 sibi

152 1005 391 1088 euacitiarent).
434 1007 519 1084 Quos
540 1027 609 1070 cum
632 1029 733 1090 neque
757 1012 956 1090 convincere,
979 1031 1079 1092 neque

154 1106 269 1150 eorum
291 1089 451 1171 doctrinae
471 1092 614 1152 resistere
634 1102 773 1173 possent,
796 1094 988 1176 collegerunt
1008 1097 1079 1156 arti·

154 1170 268 1250 culos,
297 1190 376 1252 quos
396 1193 436 1234 ex
458 1193 496 1236 eo
518 1173 676 1254 colloquio
699 1177 780 1237 male
802 1177 1078 1257 apprehenderant,
1110 1192 1119 1200 ·

153 1263 341 1334 sparserant
359 1275 415 1318 coa
435 1255 487 1318 ubi
507 1262 661 1337 poterant,
683 1257 860 1320 obtuleruut
880 1260 935 1322 sub
954 1262 1080 1322 nomine

153 1356 230 1479 pec
255 1337 465 1420 magnatibus,
498 1358 537 1402 aa
568 1341 630 1402 iam
658 1341 752 1422 vulgo
786 1360 911 1422 quoque
936 1361 986 1406 ms
1021 1350 1080 1404 tra·

125 1474 132 1487 ,
173 1428 321 1486 uxerunt.
897 1441 900 1446 ·

240 1503 312 1586 Ego
334 1505 385 1584 qui
407 1524 512 1566 eorum
533 1505 695 1568 ruditatem
718 1507 879 1570 miseratus
907 1507 985 1570 haec
1006 1507 1079 1570 ssoe

154 1585 258 1664 eifeci,
280 1588 382 1648 sciens
404 1587 486 1669 qnod
508 1606 571 1650 non
595 1589 689 1650 modo
705 1589 789 1669 citra,
813 1589 866 1652 sed
884 1599 991 1652 contra
1005 1609 1080 1672 quu-

154 1688 219 1748 que
231 1669 421 1732 voluntatem
436 1690 573 1747 suorum,
593 1678 655 1732 turn
668 1673 828 1751 maiorum,
851 1680 913 1734 tum
933 1673 1082 1754 omnium,

155 1753 210 1832 qui
234 1753 372 1814 eiusdem
395 1753 596 1833 professionis
619 1763 699 1831 sunt,
719 1755 751 1816 id
775 1761 938 1818 tentarunt.
967 1755 1080 1837 Scripsi

155 1842 263 1896 tamen
286 1835 420 1913 eisdem,
449 1837 581 1917 primum
612 1838 764 1899 benevole
786 1857 935 1918 monens,
969 1846 1002 1900 ut
1023 1839 1080 1902 sibi

156 1923 383 1998 temperarent,
417 1938 459 1982 ue
477 1919 557 1982 forte
583 1919 757 1982 incendium
780 1941 893 1982 novum
917 1930 1024 1984 contra
1046 1939 1080 1984 se

154 2001 245 2082 ipsos
279 2000 465 2063 conflarent:
491 2003 551 2062 taut
583 2003 610 2063 si
635 2002 767 2064 fiderent
797 2023 853 2065 suo
884 2005 1008 2085 iugenio
1049 2011 1080 2066 et

156 2083 319 2164 scientiae,
339 2085 511 2167 proximam
524 2084 581 2146 sibi
594 2085 824 2169 Vuittebergam
848 2089 996 2165 venirent,
1019 2086 1078 2149 dis·

156 2168 294 2247 putaturi
322 2188 360 2229 ac
393 2169 576 2231 contutatum
609 2188 727 2231 errores
751 2189 847 2232 meos.
900 2170 995 2233 Simul
1028 2169 1080 2231 ad·

156 2248 238 2327 didi,
260 2250 311 2329 qui
334 2259 439 2312 essent
458 2251 543 2330 falsi,
572 2258 607 2313 et
635 2272 696 2333 qua
716 2254 836 2315 ratione
858 2255 970 2333 quique
992 2253 1080 2315 intel·

156 2331 286 2414 tigendi.
329 2334 372 2394 At
391 2334 509 2413 fratres,
530 2354 592 2395 nou
615 2334 676 2395 hoe
697 2342 897 2417 quaerentes,
920 2355 980 2415 quo
1003 2337 1078 2396 veri·

156 2422 253 2476 tatem
276 2422 490 2497 agnoscerent,
510 2416 565 2477 sed
588 2417 744 2497 quomodo
768 2438 817 2479 me
839 2418 1079 2479 detractionibus

156 2503 188 2559 et
211 2498 374 2559 calumniis
396 2500 619 2581 opprimerent,
642 2507 843 2581 speraverunt
863 2500 943 2581 iore,
968 2508 1001 2561 ut
1021 2500 1078 2561 Eo·

156 2582 248 2641 mana
269 2582 434 2642 autoritate
454 2600 493 2642 ex
514 2582 683 2644 mendaciis
704 2584 865 2645 veritatem
880 2582 1026 2661 fecerent,
1048 2588 1080 2645 et

157 2663 240 2743 qnod
266 2664 347 2724 male
367 2682 412 2725 ac.
425 2670 542 2726 temere
563 2652 732 2744 tentarant,
759 2664 841 2727 illius
873 2667 997 2727 nomine
1025 2686 1078 2745 pu·

157 2746 237 2807 blioe
260 2752 414 2809 ornarent.

240 2828 353 2891 Eceins
374 2848 449 2890 vero
461 2830 658 2891 occasionem
673 2829 820 2892 adversm
841 2848 891 2891 me
906 2828 1079 2891 insaniendi

156 2911 361 2974 libentissime
381 2930 438 2995 pro
450 2912 605 2974 modestia
626 2932 682 2974 sua
698 2912 869 2995 amplexus,
890 2913 1079 2975 informatio·

157 3013 214 3057 nes
236 2993 367 3057 eruunt
388 3013 481 3076 super
501 2995 629 3057 eosdem
652 2996 736 3057 velut
763 2996 901 3077 gaudem
921 3014 959 3057 ac
979 3004 1079 3079 gratu-

158 3078 236 3153 lans,
259 3077 343 3158 quod
364 3096 415 3139 ma
435 3077 633 3158 proscindere
660 3080 691 3139 in
721 3084 838 3159 tergum
862 3096 962 3159 neque
983 3078 1079 3139 moni·

158 3167 221 3221 tum
243 3179 306 3223 nee
324 3161 481 3243 cognitum
505 3161 621 3224 liceret.
665 3161 733 3221 Huc
754 3162 835 3222 enim
856 3161 992 3245 maligna
1013 3162 1078 3221 eius
1175 3158 1182 3163 ”

157 3242 274 3305 invidia
294 3242 335 3305 ab
355 3244 444 3305 initio
464 3244 598 3307 nominis
615 3244 679 3304 mei
702 3262 824 3325 semper
843 3243 1002 3325 spectavit.
1034 3240 1078 3303 Si-

159 3326 262 3389 mitem
284 3344 418 3407 namque
438 3325 544 3390 ludum
565 3333 598 3387 et
615 3326 648 3387 in
670 3326 829 3388 virulentis
842 3325 993 3387 Obeliseis
1015 3326 1078 3387 auis

158 3409 220 3473 ian
240 3415 335 3471 antu
352 3410 384 3469 in
408 3428 457 3470 me
477 3408 610 3488 luceret,
637 3426 728 3489 quem
751 3426 810 3491 ago
832 3410 893 3470 iam
914 3407 965 3468 diu
986 3406 1078 3469 beas·

159 3491 371 3559 solsatissinm
403 3490 463 3551 nisi
489 3492 519 3553 ei
594 3492 744 3570 oriasem,
777 3491 869 3553 ιιιΙιιιι
891 3490 970 3552 forte
995 3488 1078 3551 orbis

161 3574 286 3645 Mum
306 3579 475 3655 spectaret,
501 3580 538 3636 at
579 3574 706 3637 ilveeter
727 3592 813 3636 meus
835 3576 900 3634 eius
921 3590 1080 3653 eompara-
1130 3629 1133 3635 .

160 3658 244 3719 fiune
275 3663 307 3719 et
334 3656 531 3722 doctissimus
568 3663 601 3718 et
631 3657 875 3737 speciosissimus
904 3656 1078 3716 haberetur.

160 3738 237 3801 Nam
263 3738 337 3801 rnitri
364 3756 427 3799 ιιοιι
449 3745 499 3799 est
527 3737 669 3816 dificile,
702 3738 828 3799 Εοιιίιιιιι
848 3736 1078 3817 Romanamque
