2600 4300
373 335 403 390 s.
423 334 591 389 sss-saa.
611 333 649 386 ιι
668 332 704 387 n·
721 333 755 389 ιι.
771 332 854 390 nutu.
1033 326 1075 395 nt

159 523 219 565 sem
233 502 451 568 dissidentibus
464 502 640 564 immuteris
654 501 726 563 fidei
738 502 822 582 Papa
835 509 888 563 sut
898 502 1029 583 Legatos
1037 498 1072 584 Ρ)

157 590 219 647 vioe
237 589 304 648 eius
325 586 505 666 praesidens
526 586 658 646 eoneiiio
690 585 834 645 iudicium
859 586 991 647 formare
1012 601 1074 645 non

158 670 242 731 debet
262 670 432 729 seeundum
454 665 605 729 iudieiom‘
621 670 756 746 maioris,
779 668 833 729 sed
856 668 985 729 senioris
1003 679 1075 747 ‹pat-

156 754 286 829 tiatira
307 754 394 813 euius
415 753 551 812 rationes
571 759 644 811 suot
666 752 824 829 meliores,
852 752 971 814 etiamsi
993 758 1075 811 esset

155 855 226 895 unes
248 835 350 913 solos,
372 854 444 896 nam
465 841 498 895 et
518 834 759 915 Paphnutiusi}
774 834 960 895 contradixit
987 833 1075 894 Nice-

156 936 210 980 nse
229 918 379 998 synodo,
401 925 433 978 et
454 919 585 977 obtinuit
607 918 649 979 di.
671 916 780 977 XXXI.
803 916 929 979 Nissos.

229 1002 324 1066 lit-6.
343 1001 388 1061 ibi
411 1001 505 1061 multa
527 998 650 1061 obieeta
672 999 839 1060 solvuntur,
952 1002 955 1011 ’

229 1082 312 1148 Libri
339 1084 466 1145 seeundi
489 1089 582 1163 eaput
602 1084 754 1162 primum,
783 1082 864 1161 quod
888 1084 934 1142 sit·
948 1082 1075 1142 haereti-

155 1166 257 1249 eumr)
283 1168 407 1243 dicere,
435 1165 517 1245 quod
539 1167 570 1224 in
592 1166 724 1225 eeclesia
746 1166 898 1225 catholiea
921 1184 983 1225 non
1005 1182 1075 1245 pos-

154 1253 209 1310 sint
241 1250 309 1310 fieri
341 1268 433 1309 veras
458 1248 684 1327 indulgentiae,
717 1257 832 1309 eontra·
856 1248 1074 1326 adversarium,

154 1336 262 1411 quiex
291 1331 496 1413 promulgatis
524 1332 621 1390 veniis
650 1333 846 1391 ssessionem
870 1333 1000 1411 sumpsit
1021 1333 1074 1390 im·

153 1415 296 1495 pingendi
308 1415 340 1493 1)
365 1420 474 1475 eontra
494 1414 695 1494 apostolioem
718 1414 833 1475 sedent.
907 1440 915 1475 ι

228 1498 270 1557 Et
301 1498 344 1557 ibi
379 1502 404 1559 1.
432 1496 504 1576 quid
535 1498 680 1575 importet
707 1496 915 1576 indulgentiae
937 1496 1074 1575 verbum,

152 1600 185 1639 ao
204 1583 318 1641 veniae
340 1588 371 1641 et
389 1580 587 1640 remissionis.
975 1610 978 1617 ·

230 1663 274 1723 Et
296 1667 323 1726 2.
347 1663 430 1742 quid.
442 1664 481 1722 sit
500 1662 701 1741 induigentia.

230 1747 271 1805 nt
294 1750 323 1810 3.
347 1745 430 1825 quod
451 1746 483 1805 in
505 1746 636 1804 ecelesia
658 1744 731 1804 feeit
752 1764 840 1806 veras
869 1744 1074 1823 indulgentias

98 1825 99 1828 ’
152 1829 292 1890 Pontifex
314 1828 482 1904 Maximum
503 1833 535 1887 et
555 1828 704 1907 episcopi,
727 1826 776 1887 sei
797 1827 848 1886 aiii
871 1826 994 1905 quidam
1017 1827 1073 1887 sub

152 1912 331 1971 limitatione
353 1909 518 1971 Pontifieis.
808 1938 810 1945 ι
852 1950 875 1961 ,Α

229 1995 273 2053 nt
293 1998 323 2056 4.
345 1994 386 2053 ibi
408 1992 614 2053 dissolvuntur
636 1992 725 2071 plura
744 1992 877 2053 obieeta.
948 2030 950 2039 ,

228 2078 273 2136 nt
291 2082 321 2141 o.
344 2076 427 2156 quod
440 2074 554 2151 saneti,
577 2076 628 2154 qui
641 2075 680 2134 ad
703 2075 853 2135 eiusmodi
877 2075 981 2135 uenias
997 2074 1073 2134 elar-

152 2161 278 2240 giendas
300 2165 374 2223 moti
394 2167 474 2237 sunt,
496 2178 558 2219 non
581 2179 622 2218 ex
644 2159 810 2236 voluntate,
833 2158 887 2218 sed
905 2177 944 2218 ex
954 2159 1073 2218 ratione

151 2242 487 2324 processeruntsquod
510 2242 656 2322 probetur
676 2241 718 2301 ibi
739 2261 780 2301 ex
802 2239 1020 2321 probabilibus,
1044 2248 1074 2299 et
1179 2295 1187 2306 ,

150 2347 224 2405 pene
246 2329 350 2387 statim
373 2345 414 2386 ex
434 2327 665 2402 sammaritae).

228 2411 271 2469 [it
303 2413 332 2475 6.
365 2407 523 2487 quomodo
551 2409 582 2466 iu
616 2413 724 2466 nostro
747 2405 829 2468 bono
853 2423 964 2485 opere,
998 2411 1074 2484 puts

151 2493 363 2572 eleemosyna,
394 2499 442 2552 est
463 2492 600 2550 meritum
623 2495 654 2549 et
675 2489 861 2565 satisfactio,
890 2495 921 2548 et
941 2489 1072 2568 primum

151 2593 269 2656 semper
290 2583 339 2635 est
360 2576 529 2654 operantis,
552 2557 822 2649 nofflseouudum,
852 2571 906 2632 sed
929 2573 993 2631 eins
1016 2590 1071 2652 pro

152 2677 206 2737 quo
228 2659 416 2719 intendimus
438 2656 623 2718 satisfacere.
694 2675 696 2682 ’
944 2677 948 2682 ·

229 2742 268 2801 Et
287 2747 315 2804 7.
344 2740 427 2819 quod
458 2734 531 2798 me‘ri

152 2843 213 2883 esse
235 2824 327 2904 plene
349 2828 544 2883 remunerata
585 2827 632 2880 est
661 2820 699 2879 ab
732 2813 883 2898 aliquibub
905 2819 1071 2882 masnata

150 2908 349 2986 improprist)
373 2907 511 2981 dietum,
533 2902 695 2964 intendunt
718 2897 838 2978 autem,
862 2901 944 2980 quod
965 2901 1071 2961 talium

152 2990 372 3050 satisfactiones
394 3008 457 3050 oon
479 2994 551 3047 sunt
572 3005 680 3046 omnes
703 2992 882 3065 evacuatae,
907 2984 954 3044 vei
978 2984 1073 3065 appii·

151 3081 250 3150 estne,
273 3073 410 3151 siioquiu
439 3073 500 3132 ism
521 3069 627 3150 passio
649 3067 762 3128 Christi
784 3079 846 3128 non
868 3075 992 3146 assato)
1026 3087 1072 3128 sa·

152 3151 278 3216 tisiaotio
300 3173 357 3235 pro
380 3153 516 3234 quotidie
536 3150 774 3232 poenitentibus.

199 3402 230 3467 p)
254 3398 306 3450 Vei
330 3399 412 3450 etiam
443 3397 576 3466 magister
606 3397 704 3450 Palatii
730 3396 774 3450 vel
810 3397 935 3450 notarius
962 3394 1071 3464 aliquis.

153 3471 181 3537 q)
214 3470 360 3522 Pulchrum
396 3475 590 3538 argumentum
624 3485 641 3521 a
673 3474 769 3521 saneto
800 3470 860 3520 viro
887 3467 922 3520 ad
948 3469 1073 3535 impium.

152 3549 176 3600 r)
194 3541 366 3594 Haereticam
386 3528 639 3593 seeundum'iidem
659 3540 792 3604 silvestri,
815 3555 870 3606 qua
888 3537 1008 3591 ereditur
1025 3542 1074 3606 im-

153 3615 251 3681 pietati,
270 3618 301 3664 ut
320 3611 463 3679 apestolus
483 3612 631 3679 praedixit.
666 3613 697 3676 s)
718 3611 753 3664 Et
770 3625 819 3678 per·
838 3622 868 3664 se
887 3613 963 3664 notis
976 3627 1008 3663 ac
1020 3615 1072 3678 pri-

153 3685 357 3751 misvpriooipiis
375 3682 441 3736 libri
459 3683 654 3739 Eleutherum.
693 3681 718 3749 t)
735 3680 865 3737 silvester
874 3683 1072 3751 impropriists.

154 3753 184 3821 a)
202 3755 404 3821 Qusmeristi
423 3756 518 3822 passio
538 3762 566 3808 et
583 3756 684 3808 marita
695 3756 867 3808 -Sanstorum
886 3753 1008 3810 habetat
1034 3755 1072 3810 ul·

153 3825 201 3877 lam
221 3829 439 3894 proportionem.
476 3826 522 3878 Sic
542 3824 739 3877 Silvestrsliter
758 3823 888 3892 disputet.

202 3899 231 3966 1)
252 3899 284 3950 In
303 3897 347 3951 ed.
365 3898 443 3951 Jen.:
461 3895 665 3968 impinguendi,

534 2745 567 2798 ta
585 2737 701 2798 (insisti
731 2743 784 2796 eut
800 2706 986 2796 *Sanctorum
1009 2755 1072 2796 non
1167 2744 1170 2748 ’
