2600 4300
339 904 538 1028 Epitonc
566 859 870 1033 Responsionis

347 1069 395 1129 sd
417 1069 622 1130 lllsrtinnm
645 1069 862 1132 Lutberum.
949 1077 957 1092 ⁸

290 1276 439 1340 Martinus
460 1266 609 1345 Lutherus
630 1279 685 1342 Pio
708 1271 827 1340 Lectori
850 1263 918 1360 ss)

225 1407 385 1467 Hactenus
407 1425 475 1467 cum
496 1407 645 1469 Silvestro
667 1425 755 1487 meo,
779 1409 937 1470 carissime
958 1407 1065 1486 lector,
1114 1437 1119 1444 ·

142 1492 187 1549 sic
207 1510 258 1550 me
286 1490 444 1550 vidisti'in
464 1508 498 1551 re
519 1490 679 1571 pontilicis
700 1509 809 1572 egere,
838 1497 872 1551 ut
897 1493 995 1572 megin
1021 1491 1065 1552 io·

142 1591 230 1633 cerer
250 1582 283 1634 et
304 1573 458 1652 luderem,
490 1591 581 1653 quum
616 1576 696 1634 serio
719 1576 880 1654 quicquam
905 1580 1065 1636 tentarem.

141 1655 240 1731 Quem
263 1657 399 1716 animum
422 1656 496 1716 mihi
518 1656 708 1738 praestabat,
742 1656 825 1738 quod
845 1657 1001 1718 hominem
1023 1657 1065 1717 'vi-

98 1740 99 1747 '
142 1739 245 1799 derem
271 1757 337 1800 non
358 1739 458 1820 modo⁸
477 1740 560 1800 rudis
583 1747 614 1799 et
644 1739 766 1801 bsrbsri
797 1740 928 1821 ingenii,
959 1757 1065 1801 verum

98 1876 99 1881 ,
144 1825 235 1883 etiem
256 1822 393 1883 tenebris
415 1821 621 1898 Themisticis,
642 1829 674 1882 et
695 1823 856 1904 nugalibus
874 1819 1066 1904 Pontificum,

98 1942 99 1945 =
144 1925 196 1966 seu
244 1906 350 1985 potius
394 1905 559 1966 scribarum
609 1904 889 1966 indoctissimorum
934 1905 1066 1968 decretis

143 1990 312 2068 captivum,
334 1987 467 2068 quodem
485 1989 619 2069 simplici
646 1989 814 2050 stoliditate
843 2007 883 2050 ex
904 2005 954 2050 me
975 2001 1066 2070 qute-

143 2092 207 2133 rere
228 2071 425 2153 triumphum.

223 2156 268 2216 nt
288 2174 380 2234 nunc,
402 2154 474 2235 quid
496 2157 625 2215 monstri
644 2155 765 2234 eluerit,
784 2158 815 2216 in
833 2156 933 2217 lucem
953 2155 1066 2237 prodit,

146 2239 259 2299 ulturus
282 2240 363 2299 enim
385 2238 479 2299 bomo
503 2238 684 2299 miserabilis
713 2241 799 2299 iocos
827 2256 929 2318 meos,
962 2238 1067 2320 Epito-

98 2314 106 2329 ‘
146 2342 232 2396 men,
259 2340 328 2399 seu⁴
341 2327 392 2396 (ut
413 2321 633 2384 Silvestrsiiter
653 2322 857 2405 graecissem)
881 2322 1063 2403 Epitoms2)

146 2405 354 2486 responsionis
376 2403 416 2466 sd
437 2404 600 2464 Martinum
618 2404 784 2466 Lutherum
808 2404 912 2485 edidit,
933 2412 981 2466 tot
1000 2412 1066 2467 ton:
1087 2411 1101 2422 '

147 2490 243 2569 tisque
264 2486 464 2568 blasphemiis
478 2506 498 2547 s
512 2488 670 2569 ospitem
690 2488 786 2568 pedes
804 2488 1078 2569 usquerelertnm,'

147 2578 178 2631 nt
194 2574 227 2632 in
248 2570 353 2632 medio
376 2579 490 2632 tortere
529 2570 568 2631 sb
599 2572 734 2651 ipsomet
761 2578 869 2633 sstsuc
895 2571 1010 2633 editum
1033 2572 1066 2634 li-

148 2654 259 2715 bellum
281 2655 466 2716 existimem.
509 2652 541 2716 Si
562 2653 682 2715 Romae
704 2656 750 2715 sic
772 2656 902 2715 sentitur
923 2662 954 2719 et
976 2655 1067 2718 dooe-

149 2744 206 2817 tur,
229 2738 396 2799 scientibus
417 2736 568 2798 Pontifice
590 2745 622 2798 et
643 2737 857 2799 Osrdiuslibns
882 2739 983 2818 (qnod
1004 2758 1067 2801 non

150 2830 268 2900 spero),
302 2820 400 2882 libere
420 2822 593 2900 pronuncio
615 2820 662 2882 his
685 2823 822 2902 scriptis,
857 2822 1068 2885 antichristum

149 2903 229 2963 illum
250 2922 356 2964 verum
385 2904 494 2964 sedere
522 2905 554 2963 in
586 2905 701 2985 templo
724 2906 797 2983 Dei,
827 2912 858 2966 et
883 2924 1013 2987 regnare
1034 2908 1065 2967 iu

150 2986 305 3068 Babylone
326 2987 382 3047 ills
402 2992 577 3067 purpuretc,
598 2988 708 3068 Romu,
731 2996 762 3049 et
774 2990 889 3049 curiam
906 3007 1066 3051 romanum

153 3088 218 3130 esse
239 3087 434 3151 synagogem
456 3076 593 3131 sstsnae'.

227 3151 309 3227 Quid
330 3152 453 3213 dicem?
494 3153 610 3233 Pupam
633 3156 789 3233 quemvis,
817 3156 908 3216 etiem
930 3156 1066 3237 impium,

151 3234 244 3296 Deum
264 3235 355 3297 nobis
376 3236 464 3314 fecit,
493 3244 526 3296 et
544 3236 637 3297 robur
659 3236 782 3297 divinae
804 3236 996 3321 Scripturas,
1034 3236 1066 3298 id

153 3325 202 3397 est,
223 3319 309 3380 verbi
330 3320 389 3380 Dei
410 3321 492 3398 vim,
531 3319 612 3399 quod
635 3327 683 3380 est
703 3321 770 3401 ipse
792 3320 891 3401 Deus,
924 3340 964 3382 ex
984 3321 1065 3382 illius

152 3400 286 3480 hominis,
308 3404 403 3463 etism
416 3404 512 3483 impii,
531 3404 697 3464 sutoritste
713 3402 974 3485 pendereststnit‚
995 3422 1065 3466 cum

153 3491 248 3547 umen
276 3501 385 3547 omnes
418 3485 508 3546 simul
535 3488 705 3567 lateamus,
738 3486 842 3568 Pspss
871 3488 1066 3549 autoritatem

154 3568 237 3629 robur
256 3567 374 3631 hebere
412 3569 527 3631 exilio
551 3568 682 3631 Christi:
725 3569 772 3630 Tu
802 3590 834 3631 es
861 3570 986 3651 Petrus,
1021 3578 1065 3633 et:

201 3737 230 3805 1)
250 3737 281 3789 In
301 3736 345 3791 ed.
358 3737 461 3804 prino:
479 3734 586 3790 Lectori
597 3738 646 3791 Pio
657 3737 735 3793 liert
744 3736 770 3789 t.
784 3736 916 3792 Selutem.
943 3736 975 3806 2)
996 3736 1066 3797 ibid.

156 3810 276 3879 scriptum
295 3808 411 3877 legitur:
429 3806 587 3875 Epithcms.
