2600 4300
237 322 300 390 202
485 330 684 385 mones
700 332 803 401 liisputt
826 332 903 385 uum.

238 496 302 558 tolli
323 516 380 577 psr
400 498 615 581 indulgentius,
636 502 825 583 respondeo:
848 503 909 564 Cur
921 522 996 584 ergo
1006 504 1142 584 populum

239 599 301 640 non
323 581 445 642 instruis
468 584 507 645 de
528 587 706 666 cognitione
716 604 895 665 poenorum,
920 606 996 667 qnos
1008 587 1144 647 remittis?

238 661 299 725 ssd
322 667 448 726 omnino
470 685 578 729 omues
599 671 710 729 remitti
732 669 858 745 clames,
883 687 1080 749 quoscunque
1096 690 1145 750 pro
1197 714 1198 719 η

238 748 375 826 peccetis
397 750 460 808 suis
483 750 565 811 luere
587 751 713 811 deberet
732 770 835 813 norom
858 752 926 813 Deo
956 761 987 812 et
1013 752 1146 813 ecclesis.

239 828 404 904 Quomodo
425 834 560 915 popolus
573 854 674 915 perse
691 837 792 915 ipsum
813 836 972 915 intelliget,
995 834 1076 914 quod
1091 842 1146 896 tem

238 911 368 999 coemes
389 922 420 973 et
441 916 525 996 leuge
548 918 702 996 loqueris?

529 1113 744 1174 Conclusio
767 1112 860 1173 XXll.

197 1230 199 1234 ¹
286 1281 290 1289 ‚
318 1239 397 1315 Quin
419 1240 533 1302 nullom
562 1243 689 1303 remittit
715 1240 874 1303 sni-sbus
902 1242 934 1301 in
962 1242 1147 1323 purgatorio
1197 1254 1198 1321 l

235 1340 326 1401 quem
360 1324 390 1383 iu
424 1324 483 1384 heo
517 1325 579 1384 vits
608 1324 785 1385 debuissent
816 1324 951 1405 solvere,
985 1324 1149 1385 secumdum
1197 1324 1198 1331 ’

234 1424 380 1469 senones.
1034 1418 1040 1425 '

250 1519 253 1525 ·
317 1489 405 1551 Hono
427 1508 488 1549 non
512 1490 601 1551 letius
623 1507 729 1549 essem
752 1507 843 1569 quem
862 1496 1016 1567 semrom,
1038 1508 1151 1568 exque

234 1570 300 1632 fluit
321 1590 377 1632 eeu
402 1572 614 1648 corollarium,
643 1571 727 1651 quod
761 1590 897 1633 canones
918 1573 1149 1653 poenitentiales
1197 1622 1198 1647 p

234 1672 295 1715 non
318 1661 477 1715 nsusennt
503 1658 534 1714 in
563 1656 654 1716 olium
683 1656 792 1733 ritem,
822 1659 895 1735 quis
924 1658 1024 1717 omnis
1052 1674 1150 1736 poene
1197 1652 1198 1723 l

233 1739 410 1817 temporetis
433 1744 566 1799 mutntnr
585 1739 616 1798 in
637 1756 771 1818 poenum
794 1739 914 1810 mortis,
936 1740 1000 1799 imo
1028 1746 1151 1819 propter

234 1822 340 1881 montis
362 1840 494 1901 poenum
517 1822 644 1890 tollitur,
672 1828 704 1880 et
725 1820 860 1882 tollendo
882 1828 938 1882 est.
981 1822 1051 1882 lmo
1073 1821 1150 1901 finge

236 1909 288 1977 (ut
316 1904 406 1965 letius
434 1904 635 1977 susdesmns)
672 1904 843 1965 Romanurn
878 1904 1043 1965 ecclesium
1074 1923 1149 1982 esse,
1197 1976 1198 1979 Ἴ

233 1987 333 2065 qualis
353 1992 419 2049 eret
434 1989 526 2048 etism
544 1988 645 2048 sdhuc
657 1992 795 2067 tempure
808 1987 840 2049 Β.
854 1986 1005 2067 Gregorii,
1028 1986 1149 2066 quondo
1197 1988 1198 1991 ’

234 2088 295 2130 noo
327 2077 394 2131 eust
420 2090 513 2152 super
545 2071 621 2131 slins
654 2069 818 2145 eeclesias,
852 2070 960 2131 saltem
989 2068 1149 2149 (insciae,

233 2153 348 2215 clerum
371 2161 468 2230 esset,
499 2154 582 2233 quod
611 2153 781 2214 canonicae
808 2172 928 2233 poenes
949 2173 1013 2214 non
1036 2153 1149 2233 obligu-

233 2235 306 2297 bsut
328 2236 481 2314 Graecos,
503 2239 582 2297 sicut
603 2256 661 2297 neo
682 2255 763 2295 nuno
785 2235 937 2317 obligant,
960 2238 985 2296 si
1008 2237 1061 2316 qui
1084 2243 1149 2296 sunt

234 2319 411 2397 Christiani,
441 2339 501 2380 uon
525 2319 653 2380 subiecti
674 2318 795 2399 Papae,
825 2321 908 2378 utin
931 2319 1061 2397 Tuscis,
1082 2320 1149 2380 Tar·
1197 2351 1198 2354 ¹

233 2405 319 2481 toris,
340 2403 477 2464 livonia.
515 2403 578 2464 Illis
600 2422 675 2482 ergo
699 2401 781 2462 nulls
802 2403 927 2462 istorum
949 2401 1148 2482 indulgentis-

232 2505 297 2547 rum
321 2493 368 2546 est·
388 2488 577 2563 messueris,
610 2485 664 2546 sed
686 2491 802 2544 tantum
835 2487 865 2545 in
895 2485 970 2546 orbe
991 2485 1148 2546 Romsnue

234 2569 383 2629 ecclesiae
405 2570 589 2631 constitutis.
633 2567 664 2628 Si
686 2585 762 2646 ergo
782 2569 858 2628 istos
881 2570 968 2628 vivos
991 2587 1053 2630 non
1079 2568 1145 2629 obli·

233 2658 322 2730 μυί,
350 2653 445 2713 multo
476 2653 574 2712 minus
605 2658 759 2729 mortuos,
789 2653 840 2729 qui
869 2650 925 2712 sub
948 2652 1035 2712 nullu
1055 2651 1148 2712 eecle-

233 2735 280 2792 sis
302 2741 380 2796 suut.

517 2915 736 2977 Conclusio
759 2913 864 2974 XXlll.

306 3061 344 3122 si
378 3063 520 3123 remissio
553 3060 616 3120 ulls
647 3061 784 3120 omnium
819 3061 946 3121 omnino
979 3079 1145 3139 poenorum

232 3151 337 3226 potest
357 3145 447 3206 slieui
470 3145 552 3220 dori,
574 3149 689 3203 certum
712 3151 759 3202 est
780 3162 847 3203 eum
872 3163 931 3204 non
957 3144 1013 3202 nisi
1037 3144 1146 3224 perlec-

232 3229 366 3306 tissimis,
387 3229 418 3287 id
440 3235 496 3306 est,
520 3226 713 3306 paucissimis
735 3225 809 3286 dori.

312 3312 402 3372 Hono
421 3311 460 3371 de
480 3310 589 3391 poenis
612 3310 748 3369 omnium
772 3328 917 3390 generum
940 3309 1096 3389 intelligo,
1118 3316 1145 3368 et

231 3395 277 3455 sio
298 3414 421 3474 assero,
452 3413 522 3454 uem
547 3391 630 3471 qnod
652 3393 791 3452 remissio
813 3391 1041 3471 poenitentialis
1064 3394 1144 3453 setis

231 3477 372 3537 iectionis
392 3479 490 3558 possit
512 3477 677 3555 unicuique
700 3473 779 3550 deri,
801 3493 862 3534 non
886 3481 930 3534 est
954 3473 1094 3551 dubium,
1115 3483 1144 3535 ut

234 3560 308 3617 setis
331 3568 377 3618 est
399 3561 521 3622 dictum.
563 3559 629 3619 lmo
659 3558 739 3617 hono
767 3557 996 3618 conclusionem
1029 3558 1143 3637 corrigo

233 3647 266 3696 et
281 3639 367 3713 nico,
389 3642 472 3719 qnod
492 3660 615 3721 prorsus
637 3639 737 3714 nullis,
760 3641 825 3700 sive
843 3641 1069 3719 perfectissimis
1085 3642 1144 3700 sive

236 3720 431 3797 imperfectis,
452 3729 555 3802 potest
575 3722 639 3782 deri
662 3724 796 3783 omnium
820 3742 988 3803 poenorum
1000 3724 1142 3784 remissio.

237 3797 326 3871 Quod
349 3803 457 3881 probo,
478 3823 560 3882 nam,
581 3805 652 3864 licet
671 3805 900 3885 perfectissimis
917 3807 1002 3874 Deus
1023 3826 1086 3870 nou
1107 3809 1142 3866 in-
