2600 4300
247 329 290 401 20
365 323 416 368 ι’
500 333 657 404 uaponm
672 331 709 409 u.
727 332 803 388 ιιιιι.
822 333 934 393 sauss

245 504 337 566 diem
376 502 484 567 Redde
504 505 657 567 rationem
678 505 768 566 huius
789 503 862 566 fidei
883 510 915 568 et
935 507 1011 586 spei.
1043 503 1173 566 Utinam

248 607 324 650 vera
356 585 491 667 diceres,
525 589 588 650 imo
616 586 712 665 absit,
746 594 780 649 ut
799 607 874 650 vera
895 587 996 666 boas,
1028 587 1121 667 quasi
1142 588 1173 648 iu

247 689 340 732 manu
372 670 524 732 ecclesiae
563 672 604 731 sit
641 673 761 732 animas
798 671 944 751 liberare,
978 669 1106 751 quando
1143 676 1174 731 et

247 752 405 834 quomodo
426 753 572 826 voluerit

244 835 247 838 ’
329 832 453 914 Tertio,
481 835 560 898 doce
594 856 645 897 me
674 856 768 898 unum
789 837 903 898 factum
936 835 1107 912 ecclesiae,
1141 837 1172 896 iu

246 937 308 1000 quo
330 918 415 982 dedit
435 918 649 982 liberationem
672 919 761 980 unius
782 919 832 980 vel
845 919 977 1000 plurium
989 919 1173 996 animarum,

247 1002 307 1064 nisi
329 1010 452 1083 cryptas
473 1002 553 1064 forte
574 1001 605 1066 S.
620 1001 795 1064 sebastiani
817 1009 850 1062 et
868 1001 1023 1064 Laurentii
1044 1019 1085 1065 ac
1101 1000 1173 1060 Pru-

248 1083 428 1161 dundanae,
472 1084 595 1164 aliaque
629 1085 772 1152 Romana
805 1086 876 1146 looa
907 1085 982 1154 mihi
1015 1081 1172 1147 recitabis.

248 1167 309 1232 aed
337 1175 370 1228 tu
395 1167 485 1248 vide,
517 1167 589 1248 quid
614 1169 675 1248 ipsi
701 1187 759 1228 vos
786 1168 919 1230 Romani
947 1167 987 1228 de
1012 1167 1061 1227 his
1093 1166 1172 1228 locis

248 1251 398 1312 sentiatis.
438 1251 577 1330 Deinde,
607 1259 683 1330 quot
709 1250 820 1314 fabulis
848 1251 957 1312 saltem
986 1257 1081 1321 suctu
1102 1255 1172 1310 sunt

247 1333 307 1395 iata
327 1334 407 1413 loca,
429 1341 585 1413 utcunque
607 1335 754 1414 ceperint.
798 1333 860 1396 Sed
881 1334 920 1396 de
948 1334 994 1394 his
1022 1333 1119 1406 latius
1141 1333 1170 1392 in

250 1415 509 1478 declarationibus
531 1418 617 1494 meis,
639 1418 760 1480 interim
784 1436 844 1497 ego
865 1417 980 1494 fateor,
1001 1435 1052 1476 me
1075 1433 1172 1494 usquc

248 1497 342 1560 hodie
368 1501 400 1559 in
430 1499 490 1559 hac
520 1519 554 1559 re
575 1497 724 1560 dubitare.
767 1499 833 1560 Nec
854 1519 921 1560 sum
935 1500 968 1574 ¹)
987 1498 1170 1575 haereticus,

250 1585 336 1643 sine
378 1584 473 1644 tivum
494 1589 597 1656 teneo,
620 1581 722 1644 donec
743 1581 962 1646 determinetur
983 1602 1004 1644 a
1024 1581 1170 1643 concilio.

331 1601 464 1740 &rasim
498 1663 564 1734 Cle.
587 1664 627 1726 de
655 1684 728 1745 poe.
757 1674 788 1725 et
818 1685 861 1726 re.
891 1684 937 1726 ca.
960 1663 1169 1727 Abusionibus

250 1748 411 1810 manifeste
438 1747 512 1808 dicit
532 1748 639 1827 glossa
647 1746 680 1830 ²)
704 1749 735 1808 in
757 1748 853 1809 verbo
876 1747 1077 1826 mendaciter,
1099 1746 1168 1808 ideo

248 1850 313 1892 nou
334 1830 453 1892 extrahi
473 1831 592 1890 animas
607 1849 664 1910 per
685 1829 901 1911 indulgentias,
923 1832 995 1911 quia
1015 1837 1090 1891 sunt
1110 1831 1168 1890 iam

248 1912 361 1974 iudicio
383 1913 442 1974 Dei
463 1913 630 1974 subiectae.
672 1913 762 1974 Hunc
781 1915 904 1975 interim
927 1920 1045 1976 textum
1066 1912 1167 1974 decre-

248 1996 318 2058 talis
342 1993 391 2092 (id
413 2001 475 2071 est,
503 1995 624 2077 Papae)
653 1996 684 2056 id
713 2002 774 2074 est,
800 1997 912 2058 factum
933 1995 1096 2058 Ecclesiae
1122 2000 1168 2072 (ut

247 2085 281 2143 tu
303 2077 397 2157 dicre)
422 2096 550 2159 sequar,
568 2081 617 2138 cui
639 2085 793 2142 consonat
815 2080 1025 2161 evangelium:
1066 2077 1166 2155 Quod-

248 2180 369 2243 cunque
390 2162 520 2223 solveris
542 2170 783 2243 superterram,
810 2182 873 2224 non
896 2163 952 2225 sub
974 2170 1073 2242 terra,
1106 2180 1165 2223 non

249 2244 392 2307 obstante
427 2244 619 2325 quorundam
653 2246 791 2307 violenta
820 2246 1028 2326 adulanteque
1063 2245 1166 2326 glossa

248 2329 412 2390 contrane.
453 2327 520 2389 Nec
548 2328 612 2391 vidi
639 2329 775 2408 aliquam
803 2328 935 2406 bullam,
968 2348 1048 2408 quae
1082 2328 1167 2389 aliter

247 2411 375 2490 habeat,
408 2412 467 2471 nisi
489 2411 572 2491 quod
597 2431 654 2491 per
674 2410 799 2473 modum
821 2410 957 2493 suffragii
985 2412 1105 2473 animm
1125 2428 1183 2487 re-¹

249 2493 322 2555 dimi
343 2495 459 2574 passim
482 2494 601 2573 dicitur,
623 2494 663 2555 de
686 2513 747 2574 quo
770 2494 867 2573 ubi³)
892 2514 992 2575 supra.

161 2632 166 2651 ,
331 2574 393 2638 Sed
415 2584 456 2655 tu,
478 2578 530 2656 qui
552 2584 661 2638 contra
681 2597 732 2638 me
743 2577 880 2658 disputas
896 2584 982 2639 tanta
1001 2576 1166 2653 alacritate,

248 2667 282 2721 ut
301 2661 370 2739 ipsa
392 2659 510 2721 laetitio
531 2660 586 2723 tibi
606 2660 715 2721 influat
736 2663 915 2739 veritatem,
944 2666 1030 2721 tanta
1058 2658 1167 2719 fiducia

248 2760 381 2823 quoque,
402 2750 437 2803 ut
457 2749 598 2805 satanam
628 2746 730 2823 ipsum
763 2762 827 2805 non
849 2742 1099 2821 extimescam),
1130 2759 1165 2801 eo

248 2828 382 2887 maxime
403 2826 522 2890 scilicet
532 2827 647 2888 invicto
663 2826 775 2889 robore
790 2827 894 2907 fretus,
917 2825 1001 2907 quod
1026 2824 1065 2887 de
1085 2825 1164 2887 lacto

249 2909 400 2971 ecclesiae
422 2928 485 2971 nou
506 2909 581 2971 licet
601 2908 683 2971 male
707 2911 830 2988 sentire,
853 2930 947 2971 unum
960 2909 993 2971 id
1003 2906 1164 2988 responde,

249 3011 318 3065 cum
351 3010 411 3071 qua
438 2992 571 3054 ecclesia
601 2999 632 3053 et
653 3002 687 3053 tu
718 3000 749 3053 et
770 2993 946 3054 Thomastri
977 2994 1022 3053 tui
1051 2990 1164 3053 sentitis

247 3076 279 3134 in
300 3074 382 3136 sacto
405 3075 556 3135 ecclesiae
577 3074 616 3135 de
638 3077 844 3156 conceptione
858 3077 893 3137 B.
909 3074 1068 3156 Virginis?
1089 3073 1163 3135 Num

248 3176 322 3233 curu
338 3158 479 3219 virtuali?
506 3177 580 3219 uum
601 3176 671 3219 oum
693 3159 979 3238 repraesentativa?
1004 3177 1078 3219 uum
1099 3174 1163 3217 oum

249 3238 426 3301 essentiali?
456 3260 530 3302 num
551 3259 622 3301 cum
644 3240 737 3302 exule
758 3242 813 3303 illa
840 3251 872 3303 et
892 3262 912 3303 a
933 3248 970 3303 te.
984 3240 1161 3321 proscripta

246 3342 326 3403 quae
347 3330 395 3385 est
417 3323 581 3385 concilium
601 3323 768 3404 generale?
791 3324 823 3386 Si
845 3344 919 3406 ergo
942 3325 1015 3385 licet
1036 3322 1091 3387 tibi
1104 3340 1162 3383 non

248 3406 341 3467 modo
362 3425 426 3469 non
448 3406 546 3487 banc,
570 3406 626 3467 sed
647 3413 755 3469 conus
777 3409 893 3469 sentire
912 3409 945 3469 iu
968 3408 1050 3469 facto
1072 3404 1161 3469 cocle

547 3547 665 3556 *-

319 3619 349 3681 1)
368 3618 399 3669 ln
430 3618 496 3673 edit.
525 3619 601 3673 lem:
631 3622 692 3672 sim.
741 3618 772 3686 2)
796 3619 826 3671 ln
852 3585 918 3673 *edit
948 3620 1035 3687 princ.
1065 3616 1183 3671 etJen..

247 3698 412 3814 gaggada&
430 3701 487 3743 uon
531 3692 677 3745 scribitur:
716 3690 806 3759 glosa.
876 3691 909 3757 3)
937 3690 969 3742 In
1005 3689 1070 3743 edit.
1090 3688 1160 3741 stan.

321 3831 351 3901 ⁸)
370 3830 416 3885 Sic
432 3834 528 3901 sonpit
546 3831 680 3910 silvester
696 3834 727 3897 iu
743 3833 792 3901 Ep.
812 3831 848 3887 ad
866 3831 987 3892 Quam
1004 3832 1039 3887 X.
