2600 4300
236 322 299 393 396
509 314 579 382 Aeta
593 328 672 381 lert.
692 314 776 381 12!th
787 326 930 395 rugosus

237 494 409 559 Carmelitis
436 496 511 558 satis
532 514 685 577 superque
716 494 823 557 inerim
850 500 883 555 et
904 496 961 555 sim
994 510 1150 571 onerosus,

237 581 371 641 aramme
400 596 469 640 oum
502 578 757 644 reverendissima
790 579 958 659 paternitas
994 583 1049 638 tus
1081 578 1151 637 milri

236 664 396 724 rivasoee
417 661 577 741 mandarit,
599 670 642 741 ut,
665 662 817 723 sinollem
831 678 989 738 renouare,
1012 678 1075 721 non
1089 659 1151 721 red-

237 747 314 807 irem
334 747 365 806 in
387 753 586 827 oonspeotum
608 744 768 806 reverend.
797 744 862 805 Pat.
892 750 972 805 tuae.
996 744 1152 805 Revoesre

236 828 364 910 quidet
392 834 537 909 quantum
560 829 696 905 valeam,
733 823 885 909 prioribus
912 828 1009 888 literis
1043 826 1153 909 signiti-

239 930 316 973 eam.

318 994 426 1075 ltaque
446 1014 528 1055 nune
548 994 648 1070 abeo,
677 993 791 1055 etalio
814 1012 863 1053 rna
885 993 956 1055 loeo
980 994 1153 1074 provisurus

238 1079 346 1160 migro.
390 1078 430 1138 llt
449 1094 632 1157 quamquam
665 1076 737 1139 milri
760 1076 941 1137 consultum·
958 1082 1027 1153 est,
1049 1072 1089 1139 ab
1111 1077 1154 1137 his

237 1162 346 1238 etiam,
381 1162 432 1240 qui
461 1161 511 1221 vel
540 1161 672 1221 maiores
694 1178 744 1220 me
764 1178 890 1220 movere
910 1166 1063 1239 possunt,
1085 1167 1119 1220 nt
1139 1180 1156 1219 a

235 1242 491 1307 reverendissima
518 1244 701 1323 paternitate
722 1250 794 1320 tua,
826 1242 890 1303 imo
918 1262 938 1303 a
960 1244 1154 1305 sanctissimo

236 1326 362 1388 domino
384 1334 489 1389 nostro
511 1324 615 1387 Leone
636 1326 675 1387 X.
698 1325 779 1386 male
800 1326 964 1387 informato
986 1325 1026 1386 ad
1048 1326 1156 1387 melius

236 1409 462 1471 informandum
492 1406 577 1491 (seio
598 1409 681 1469 enim
703 1407 786 1489 qnod
810 1410 939 1491 prineipi
961 1416 1072 1471 nostro
1094 1410 1156 1469 illu-

237 1493 386 1554 strissimo
408 1499 529 1574 gratum
550 1492 698 1553 iacturum
720 1491 907 1573 appellando
936 1494 1035 1574 mam's
1068 1511 1155 1572 quam

235 1575 430 1649 resonando)
455 1595 495 1656 ap
536 1574 619 1638 llem.
652 1575 768 1635 Tamen
792 1576 993 1655 quantumin
1016 1594 1069 1639 rue
1089 1576 1156 1636 iuis-

236 1666 300 1735 sat,
320 1677 384 1719 uon
405 1658 628 1739 appelassem,
650 1659 795 1739 primum,
828 1654 911 1738 qnod
934 1656 1008 1719 mibi
1030 1676 1094 1719 non
1118 1660 1157 1718 vi-

236 1741 345 1802 deatur
364 1742 540 1802 necessaria
561 1742 728 1823 appellatio
751 1742 799 1802 rel
828 1742 1005 1802 commissio
1029 1741 1071 1803 ad
1090 1762 1156 1823 par-

235 1831 293 1901 tes,
314 1840 382 1883 eum
405 1842 481 1905 ego,
502 1831 537 1884 ut
558 1824 764 1901 dixi,·omnia
784 1826 815 1884 in
837 1824 980 1883 indicium
1005 1824 1155 1885 eeelesiae

235 1904 409 1983 retulerim,
442 1914 474 1967 et
496 1925 557 1967 non
580 1908 638 1967 nisi
662 1908 844 1967 sententiam
872 1908 938 1967 eins
967 1914 1155 1987 exspectem.

236 1982 317 2065 Quid
338 1990 419 2049 enim
442 1989 522 2050 ultra
542 1988 645 2051 lasere
658 1989 787 2066 debeo,
809 1996 863 2050 ant
883 1990 984 2050 faeere
1007 1992 1156 2071 possum?

235 2073 344 2153 Neque
366 2073 445 2133 enim
468 2090 519 2134 me
541 2090 595 2134 reo
616 2080 670 2133 aut
690 2090 875 2154 responsore
905 2090 984 2154 opus
1008 2080 1074 2153 est,
1107 2075 1155 2154 qui

236 2158 300 2219 no‘n
321 2155 393 2236 quid
425 2174 486 2237 ego
514 2155 593 2233 dixi,
630 2156 686 2217 sed
714 2155 786 2236 quid
817 2157 949 2218 eeclesia
977 2156 1099 2217 diebus
1120 2158 1156 2217 sit

236 2237 376 2319 amnuo,
398 2257 456 2300 neo
477 2237 671 2300 adversarius
690 2239 888 2318 oontendere,
910 2238 963 2300 sed
988 2239 1155 2322 discipulus

238 2321 344 2403 audire
365 2319 450 2382 volo.

319 2403 454 2484 Deinde,
478 2401 560 2486 quod
583 2403 655 2464 mibi
678 2423 759 2484 pene
781 2421 960 2486 persuasum
984 2412 1049 2484 est,
1078 2405 1155 2466 bane

237 2507 360 2549 eaumm
382 2488 587 2549 reverendiss.
610 2487 784 2570 paternitati
808 2493 879 2548 luae
892 2504 962 2550 esse
982 2485 1154 2564 molestam,

237 2578 269 2632 et
297 2569 538 2652 appellationem
567 2568 785 2651 gratismmam,
820 2569 953 2650 ideoque
985 2571 1067 2632 sieut
1095 2591 1154 2632 non

237 2672 367 2730 mereor,
388 2655 432 2714 ita
452 2673 511 2715 nee
531 2652 639 2714 timere
649 2651 749 2714 habeo
769 2659 923 2734 sensuras,
945 2653 1003 2714 etsi
1026 2671 1089 2736 ego
1100 2653 1155 2714 Dei

237 2736 337 2820 grstia
357 2735 428 2798 talis
455 2737 533 2816 sim,
563 2741 597 2797 ut
618 2753 764 2796 censuras
785 2735 880 2817 longe
902 2737 1001 2796 minus
1023 2739 1153 2815 timeam,

237 2838 329 2900 quam
352 2839 470 2882 errores
493 2826 524 2881 et
544 2818 658 2880 malam
679 2819 710 2879 in
733 2815 794 2880 ilde
816 2819 1012 2900 opinionem,
1045 2819 1154 2897 sciens,

237 2902 321 2984 qnod
343 2919 472 2964 censura
495 2904 559 2962 non'
579 2908 681 2982 nooet,
703 2901 765 2964 imo
787 2901 923 2983 prodest,
946 2901 970 2963 si
989 2921 1068 2964 sana
1081 2901 1154 2963 tides

197 2973 208 2996 ⁸
237 2991 270 3047 et
289 2987 425 3047 veritatis
447 3002 555 3046 sensus
578 3003 699 3047 meeum
722 2983 820 3048 fuerit.

321 3067 423 3145 Quare
450 3088 506 3150 per
527 3067 638 3130 Christi
668 3069 800 3147 viscera,
835 3074 867 3130 et
891 3067 1045 3147 insignem
1075 3073 1153 3127 tuam

239 3151 313 3214 mibi
347 3151 513 3213 exhibitam
551 3152 745 3213 elementiam
772 3169 870 3236 rogo,
903 3147 1046 3232 dignetur
1079 3150 1155 3210 hano

239 3253 340 3296 meam
359 3234 566 3296 obedientiam
587 3234 744 3315 hueusque
765 3235 942 3316 praestitam
969 3237 1001 3293 et
1023 3231 1170 3314 comple·-

238 3324 300 3379 tam
324 3319 462 3403 gratiose
482 3337 663 3415 agnoscere,
687 3323 718 3378 et
740 3315 931 3379 sanctissimo
954 3315 1083 3378 domino
1105 3333 1154 3376 no·

239 3403 303 3462 stro
324 3417 425 3484 papae
445 3398 618 3482 beorguiter
637 3397 884 3463 sommendatam
905 3397 1028 3476 tmere,
1065 3404 1154 3478 atque

239 3482 321 3544 bano
341 3503 441 3545 meam
462 3484 630 3546 abitionem
665 3489 696 3545 et
717 3483 973 3564 appellationem,
1004 3499 1061 3561 pro
1086 3493 1152 3542 mea

240 3567 424 3626 neeessitate
450 3574 482 3628 et
510 3568 676 3629 amisorum
706 3567 868 3627 autoritate
889 3573 1045 3645 paratam,
1083 3564 1152 3627 boni

241 3646 413 3708 oonsulerer
452 3648 530 3710 Nam
570 3669 675 3710 eornm
705 3667 768 3710 vox
796 3655 828 3710 et
863 3648 942 3710 ratio
970 3646 1044 3708 mibi
1077 3647 1153 3708 insu·

239 3720 384 3802 potabilis
405 3729 558 3791 astbaeo=
580 3727 705 3806 ouium
725 3729 907 3792 resooubis?
929 3727 1084 3810 Numquid
1106 3736 1153 3790 tua

241 3809 439 3868 resonatione
460 3811 549 3872 nobis
570 3811 672 3892 legem
694 3811 766 3874 fidei
788 3812 927 3874 statues?
953 3811 1089 3872 Damnet
1108 3825 1152 3872 eo·
