2600 4300
224 277 269 347 84
380 338 384 347 ,
509 278 642 355 Epttouru
659 267 879 355 harponaionh'

256 501 264 514 .
307 453 347 513 Et
366 451 410 514 ibi
432 456 460 515 1.
482 453 622 534 quadis,
644 455 697 534 qui
718 443 869 514 aOhriuto
890 457 1009 513 mnbto
1028 451 1154 511 nomine

226 534 326 632 dictas
347 535 451 617 estu)
476 535 615 618 Oepbaa,
636 543 730 618 caput
749 537 903 596 institutus
925 555 944 596 a
966 534 1094 596 Christo
1117 533 1154 591 sit

226 635 363 680 ammam
384 635 488 679 aarum
509 637 643 680 anunm.

309 699 349 761 aa
369 703 399 764 2.
411 699 453 762 ibi
470 709 580 763 eontra
595 701 657 764 hoc
673 702 769 762 malta
783 707 966 784 argumenta
979 699 1153 760 solvuntur.

307 781 349 843 Et
369 786 398 848 3.
420 784 504 864 quod
525 784 695 846 decedente
718 784 809 846 Petro
831 784 1043 846 necessarium
1067 781 1156 842 tuerit

225 866 257 927 in
278 865 411 927 ecclesia
431 885 501 928 esse
521 868 613 930 atium
635 867 839 928 universatem
861 872 1019 948 pastorem
1038 865 1072 924 in
1085 864 1156 924 sede

227 950 303 1029 eius,
326 959 357 1010 at
384 956 530 1027 rarsasss)
548 951 609 1012 isto
620 951 772 1031 migrante
785 951 878 1011 alium
889 967 989 1030 usque
1002 947 1046 1010 ad
1064 946 1156 1008 finem

227 1031 347 1108 mnndi,
375 1032 578 1112 quoadusque
604 1032 746 1096 videlicet
767 1033 900 1094 ecclesia
928 1033 1080 1094 duratura
1101 1037 1158 1090 eat.

310 1113 351 1175 Et
377 1117 407 1179 4.
434 1115 517 1195 qaod
528 1113 562 1200 ⁰)
587 1135 677 1176 varus
692 1121 723 1177 et
735 1115 922 1176 indubitatus
934 1115 968 1180 B.
982 1113 1071 1176 Petri
1093 1131 1158 1172 snc-

227 1214 333 1258 cessor
367 1205 417 1258 est
442 1198 525 1258 actas
555 1217 646 1259 veras
681 1205 712 1259 et
730 1197 919 1260 indubitatus
940 1198 1090 1260 Pontifex
1110 1213 1157 1256 ro-

228 1298 347 1343 manus.
917 1287 923 1305 s

310 1383 352 1446 Iit
372 1379 401 1448 b.
424 1385 549 1468 quodi]
570 1405 701 1448 romana
721 1387 854 1448 ecclesia
874 1387 974 1468 prima
994 1388 1037 1446 sit
1060 1392 1093 1446 et
1112 1403 1157 1445 ec-

228 1464 391 1528 ciesiarnni
402 1470 537 1530 omnium
550 1479 644 1552 caput
661 1469 813 1532 aOhristo
835 1469 983 1548 instituta,
1006 1477 1039 1530 et
1062 1487 1155 1551 quam

227 1549 406 1630 ignoranter
435 1550 568 1631 dicatur,
602 1555 702 1634 ipsam
730 1571 792 1614 non
814 1552 907 1614 fuisse
931 1557 1041 1634 caput,
1075 1558 1157 1634 post-

229 1650 319 1713 quam
341 1623 448 1694 Petrus
470 1635 511 1696 ibi
534 1635 622 1702 aedit.

183 1752 188 1757 ’
309 1733 350 1798 Et
370 1733 400 1803 6.
421 1739 505 1818 quod
519 1758 667 1803 romanus
681 1739 806 1802 Praesul
818 1742 874 1804 rite
886 1741 1041 1802 institutus
1055 1757 1157 1818 aeque

229 1827 260 1882 et
279 1820 402 1902 aequati
424 1823 587 1884 autoritate
607 1830 701 1904 caput
722 1823 761 1884 sit
782 1825 862 1884 siout
883 1831 915 1884 et
934 1822 968 1884 B.
976 1819 1012 1904 q)
1035 1821 1155 1882 Petrus.

308 1926 351 1986 let
369 1931 400 1991 7.
421 1926 463 1988 ibi
492 1926 656 1988 destruitur
682 1929 786 2008 opiuic
815 1926 967 2008 quaedam
993 1926 1155 1987 bominum

227 2027 457 2089 ptumorum,
489 2009 572 2089 qnod
604 2010 690 2091 Papa
716 2011 846 2087 nonsit
879 2014 975 2091 caput
1001 2009 1155 2070 ecclesiae

229 2092 408 2154 universalia
431 2093 609 2174 unitandae,
633 2093 689 2155 aed
710 2093 849 2167 sot-mr)
873 2092 1081 2172 distributive,
1106 2110 1155 2153 vo

228 2175 353 2237 lentium
375 2196 416 2237 ex
437 2176 507 2255 hoc,
527 2176 644 2257 Papam
667 2196 728 2238 non
752 2196 821 2237 esse
842 2184 935 2257 caput
956 2176 1092 2239 concitii.

310 2282 352 2342 lit
370 2282 492 2361 ultimo,
524 2281 566 2344 rbi
596 2282 692 2343 multa
719 2288 827 2343 contra
848 2282 909 2344 hoc
931 2282 1152 2363 argumentost

228 2364 398 2429 solvuntur.
455 2373 457 2377 ’

197 2504 207 2518 ·
313 2470 388 2550 Gap.
411 2474 440 2535 5.
465 2469 548 2551 quod
571 2471 602 2531 in
625 2469 837 2531 ecclesiastica
857 2468 1029 2531 hierarchia
1055 2488 1155 2531 roma·

228 2572 286 2614 nus
298 2550 423 2614 Praesul
435 2553 474 2613 ait
485 2552 646 2615 hierarcha
657 2571 793 2615 summus
801 2550 828 2633 t)
849 2550 971 2631 ubique,
985 2558 1094 2614 contra
1105 2552 1154 2613 ad-

228 2636 396 2695 versarium
419 2634 646 2697 subtrahentem
669 2634 872 2696 iurisdictioni
895 2638 959 2696 eius
989 2635 1154 2699 nonnullas

226 2718 386 2861 ἓαζίουεε,
418 2718 535 2781 scilicet
564 2717 702 2781 Graecos
731 2726 763 2803 et
787 2716 893 2779 fideles
915 2722 993 2781 inter
1013 2718 1152 2780 infideles

250 2802 411 2864 citantes.

313 2900 354 2961 Et
373 2900 414 2962 ibi
438 2902 466 2965 1.
487 2919 542 2981 per
563 2899 709 2982 literana)
734 2920 838 2963 sacras
869 2899 1016 2983 probatur
1038 2901 1153 2985 univer·

230 2982 335 3044 salitas
356 2983 443 3044 istius
465 2983 672 3047 monarchiae.

311 3064 351 3126 nt
371 3067 401 3129 2.
422 3065 612 3148 improbatur
633 3066 775 3149 impietas
794 3065 919 3128 Antonii
941 3064 1059 3130 Roselli
1082 3065 1152 3147 dog·

283 3340 328 3404 m)
350 3338 434 3406 Nota,
454 3336 568 3405 cephan
582 3343 626 3390 eat
643 3341 738 3406 caput,
765 3341 862 3391 contra
880 3333 975 3389 laban.
994 3336 1022 3392 21
1040 3338 1088 3406 qui
1108 3336 1151 3390 Ce-

228 3410 305 3479 phen
324 3406 434 3463 Petrum
454 3409 508 3461 dici
527 3408 630 3463 scribit.
666 3407 700 3477 n)
718 3408 795 3473 Haec
802 3408 930 3463 Priariaa.
958 3410 991 3473 ο)
1008 3407 1150 3461 Anbaahe

230 3497 283 3533 aaa
313 3481 386 3533 Petri
413 3494 558 3534 arcemur
590 3486 633 3533 eat
661 3481 813 3533 Romanus.
858 3482 893 3550 p)
924 3480 998 3534 Haec
1028 3480 1150 3533 Priarias.

231 3555 265 3617 qt
297 3552 372 3603 ticet
398 3552 493 3605 Petrus
517 3552 663 3619 apostatas
694 3556 721 3603 et
740 3552 814 3621 Papa
833 3552 922 3605 colum
944 3550 979 3605 sit
998 3553 1150 3620 episcopor,

166 3682 171 3692 Ι
233 3622 325 3671 minor
346 3621 460 3688 sciticet,
478 3622 562 3684 simul
581 3627 609 3675 et
626 3622 757 3691 aequatis.
795 3625 824 3689 r)
844 3623 905 3676 Imo
923 3624 1037 3676 connisa
1047 3626 1149 3676 tanturn

234 3696 264 3741 as
284 3691 471 3745 materialiter.
516 3697 547 3756 s)
567 3692 642 3745 tiore
664 3694 831 3748 Prteriuttoc.
869 3692 894 3763 t)
915 3692 946 3745 ld
964 3699 1014 3761 eat,
1033 3696 1063 3746 in
1081 3710 1148 3747 aare·

233 3760 286 3811 bra
304 3758 472 3816 Prteriaticc.
509 3768 540 3826 a)
563 3763 639 3816 Sicut
656 3764 812 3833 Virgiltuaz·
833 3766 893 3817 atari
918 3778 997 3819 nora
1018 3766 1116 3820 fumea.
