2600 4300
398 337 436 394 oe
451 342 551 395 nmo
567 315 821 410 rotumum·
1005 334 1065 403 cst

154 511 240 587 xime,
262 509 387 591 qumodo
408 510 501 573 fuerit
521 512 656 573 numme
679 511 813 573 sollicite
833 530 890 593 pro
912 509 984 576 fliiis
998 512 1069 572 suis.

154 593 306 690 Siosutem
326 594 456 677 relaxet,
470 596 565 674 qussi
587 594 758 675 desperans
779 594 841 656 hoc
854 594 937 672 iecit,
960 595 1069 679 timeum

151 695 256 757 peroro
277 678 413 737 evenire

228 758 325 839 lgimr
346 778 415 820 cum
437 759 500 820 siut
521 778 691 841 poenorum
712 760 911 822 remissiones
931 759 1070 821 tumriie
1141 764 1154 777 “

149 841 273 919 donum,
295 848 328 903 et
349 844 418 904 sole
438 850 578 922 potestus
600 843 733 903 clavium
754 842 797 903 ibi
819 844 894 903 setis
916 843 965 919 sit,
986 842 1069 905 vide-

149 931 229 986 retur
249 933 336 986 certe
356 945 420 987 non
442 945 540 1006 perse
558 926 760 987 irreverentia
780 924 845 986 fieri
859 932 921 986 tum
937 927 1069 1007 egregiis

148 1006 307 1069 leboribus
327 1015 519 1087 senctorum,
552 1010 578 1069 si
606 1006 804 1070 stertentibus
833 1010 1069 1089 impertirentur.

147 1090 242 1151 Multo
265 1092 377 1152 meiius
400 1092 434 1151 B.
454 1091 644 1173 Augustinus
667 1094 698 1152 in
722 1110 780 1151 ser.
803 1090 842 1151 de
863 1090 989 1173 Mastya
1016 1090 1070 1155 flo-

146 1174 313 1235 lennitetes
333 1182 502 1255 martyrum
523 1194 586 1235 non
607 1175 822 1252 remissiones,
853 1174 907 1235 sed
929 1172 1070 1236 exhorte-

147 1258 247 1317 tiones
269 1259 486 1338 martyriorum
499 1264 579 1338 sunt,
601 1258 757 1318 utimitsri
771 1276 833 1319 non
851 1258 964 1339 pigeat,
987 1256 1069 1337 qnod

146 1338 310 1401 celebrere
329 1339 473 1401 delectet.

198 1448 202 1452 ’
227 1422 367 1484 Probetu
388 1430 436 1484 est
455 1425 559 1503 iisque
578 1424 639 1484 istu
656 1442 738 1503 pers,
759 1421 841 1503 quod
859 1423 968 1488 merite
984 1440 1070 1483 suno-

148 1513 246 1566 torum
270 1524 337 1567 non
358 1508 480 1586 possint
501 1526 571 1567 esse
591 1506 751 1567 thesaurus
773 1505 879 1585 nobis,
908 1524 976 1566 cum
1010 1506 1071 1566 sint

145 1589 583 1733 ἕΐῖῗέἒΐὲἱέᾚξηῗζῗὲ
605 1590 999 1745 ”iiiiiiiriffbi
1015 1603 1070 1732 tt

147 1761 194 1815 est
214 1756 397 1815 communio
419 1690 624 1833 sunc’tornm,q
639 1754 723 1835 quod
736 1692 874 1834 pquilibet
889 1718 949 1835 bro
973 1690 1070 1816 sibero

146 1837 281 1915 loborat,
302 1839 382 1899 sieut
403 1839 573 1899 membrum
593 1857 651 1919 pro
674 1838 820 1901 membro.
864 1837 926 1899 fleo
947 1838 1008 1899 boc
1029 1838 1070 1898 fe·

147 1927 257 1981 cerunt
276 1921 309 1981 in
331 1922 411 2000 vite,
443 1928 476 1981 et
502 1922 528 1981 si
554 1938 637 1981 nunc
664 1921 816 1998 iacerent,
849 1921 1071 1983 intercessione

148 2004 253 2084 potius
276 2022 368 2083 quem
388 2010 545 2084 poteststs
565 2004 662 2064 clusis
683 2004 715 2064 id
735 2003 831 2065 fleret.

228 2085 294 2147 Sed
316 2086 367 2147 hic
388 2106 407 2146 s
430 2086 524 2168 louge
544 2086 637 2149 sudio
660 2085 851 2168 quorundum
873 2091 995 2147 scum
1025 2104 1094 2146 er·-

148 2177 341 2251 gementum.
362 2170 476 2231 Verum
492 2171 720 2251 est-inquiunt,
744 2171 843 2231 suncti
866 2189 928 2231 non
949 2169 1072 2231 metunt

149 2254 214 2314 siue
236 2258 369 2334 peccato
392 2254 422 2313 in
445 2253 505 2314 boc
526 2255 605 2332 vite,
635 2254 690 2314 sed
716 2253 845 2331 venisli,
875 2251 1071 2314 nibilominus

150 2337 240 2416 plcre
262 2341 430 2417 putuerunt
448 2336 551 2397 fecere
572 2355 662 2416 quem
687 2335 867 2398 debuerunt.
904 2333 982 2399 Cum
1006 2337 1071 2398 istis

152 2419 278 2499 quidem
302 2419 506 2480 obtusissimis
533 2420 668 2500 ingeniis
696 2418 819 2480 difficile
851 2424 899 2480 est
924 2437 1018 2499 egere
1042 2419 1074 2478 iu

151 2503 210 2563 huc
231 2521 283 2578 re,
316 2507 417 2562 umen
447 2502 583 2564 breviter
602 2502 693 2582 dico,
719 2502 749 2562 id
772 2521 842 2562 esse
863 2499 984 2563 veniuis
1005 2519 1075 2584 pso·

152 2593 268 2662 cetum,
280 2578 364 2664 quie
384 2582 485 2645 minus
505 2586 621 2646 fuciunt
641 2603 732 2665 quem
752 2584 875 2663 debent,
897 2601 958 2645 nou
972 2590 1073 2645 eutem

151 2667 182 2728 id
204 2666 292 2748 quod
312 2668 370 2748 ip'si
393 2667 513 2749 tingunt
533 2669 633 2729 solum
656 2668 778 2730 venieie
797 2673 974 2748 peooetum,
995 2665 1074 2728 scili·

152 2757 204 2812 eet
223 2752 333 2828 risum,
354 2749 479 2811 verbum
501 2751 580 2831 leve,
602 2751 831 2832 cogitationem.
874 2750 931 2811 Est
952 2747 1074 2830 quidem

151 2833 214 2894 boc
234 2833 359 2894 veniale
379 2840 550 2913 peccatum,
571 2833 627 2894 sed
650 2853 793 2915 msgnum
807 2833 936 2894 vsuisls.
960 2833 1072 2894 Verum

153 2917 250 2977 etiem
275 2934 353 2996 opus
374 2915 488 2977 bonum
511 2917 627 2997 optime
647 2917 760 2978 sectum
784 2922 832 2977 est
857 2916 977 2978 venisle
1004 2931 1073 2996 pec·

154 3006 275 3076 cetum,
305 3006 341 3059 ut
365 3017 405 3059 ex
426 2999 461 3062 B.
484 2999 657 3081 Augustino
679 3017 779 3080 supro.
821 2997 908 3060 Tunc
930 2997 1074 3059 mendsts

153 3082 360 3162 complentur,
383 3081 517 3162 quondo,
540 3082 683 3162 quicquid
695 3101 751 3164 per
772 3099 829 3144 nos
844 3099 907 3142 non
922 3079 1074 3162 impietur,

155 3165 344 3246 ignoscitur,
371 3164 454 3244 quod
480 3166 511 3225 iu
541 3167 625 3225 omni
653 3183 748 3246 opere
769 3166 853 3228 bono
875 3163 924 3243 flt,
955 3179 1076 3245 semper

155 3248 239 3309 enim
267 3246 312 3308 ibi
338 3248 430 3308 venis
496 3246 590 3310 teudo
617 3256 679 3324 est,
708 3247 875 3309 secuudum
904 3245 1075 3308 cretionem

156 3329 354 3392 dominicum.
492 3330 570 3392 bueo
595 3331 687 3392 olium
715 3330 951 3413 disputationem
977 3329 1074 3408 requi-

154 3419 235 3490 runt,
257 3412 380 3492 dequo
402 3412 489 3475 elius.
531 3413 607 3474 Inde
628 3413 660 3475 8.
683 3415 915 3492 Boneveuturs,
937 3431 1007 3472 cum
1028 3429 1074 3472 es·

156 3497 307 3558 seruisset
325 3495 483 3557 hominem
504 3513 599 3577 posse
617 3498 687 3558 sine
707 3496 820 3557 venisli
842 3501 973 3576 peocsto
995 3509 1075 3575 esse,

157 3580 265 3659 uc'que
286 3576 403 3639 deiecit
419 3584 543 3640 munus
564 3579 670 3642 homo.
954 3585 959 3590 '
1076 3569 1084 3588 ⁸
