2600 4300
341 314 478 372 rsuram
497 313 532 372 aa
550 315 619 377 ιιιιι
637 289 808 386 roaros
829 315 907 374 ora.
1024 315 1087 381 341

176 500 305 554 murum
336 483 499 563 dicendam
528 491 559 546 et
586 484 796 555 revocandum
816 485 1006 567 perveniret,
1028 486 1088 550 iam

175 565 202 628 d,
219 566 284 628 Vlll
307 587 347 630 m.
368 569 454 650 Aug,
471 588 527 650 per
548 567 739 650 Spoletinum
761 567 956 651 Erideriourn,
977 569 1089 636 Princi-

173 668 237 730 pem
258 669 364 730 suum,
392 658 574 734 rogaverat,
597 659 630 712 ut
652 658 683 712 et
703 651 847 733 Princeps
871 653 938 734 ipse
961 659 992 713 et
1014 652 1087 714 Cae

174 733 419 808 sureaMaiestas
452 735 510 796 sibi
530 755 551 796 a
578 754 699 796 summo
720 734 869 796 Pontifice
891 735 1090 816 impetrarent

172 817 377 878 remissionem
388 837 443 878 seu
461 819 711 882 commissionem
729 837 857 888 caussae
879 837 953 878 auae
968 818 1007 880 ad
1019 839 1088 900 par·

173 903 214 959 tes
232 898 443 966 Alemanniae,
488 905 657 982 lmperator
678 908 786 962 contra
807 899 1036 962 Maximilianus
1058 901 1087 965 d.

172 977 207 1042 V.
228 981 362 1044 eiusdem
381 1003 476 1045 mens.
498 984 547 1046 Au
570 983 628 1046 usti
652 1003 693 1044 ex
714 985 838 1044 civitate
859 985 1009 1064 imperiali
1026 984 1087 1046 Au-

170 1071 256 1144 gusta
287 1065 448 1146 epistolam
479 1067 519 1128 ed
548 1004 689 1128 {eonem
715 1067 744 1128 X
773 1067 861 1127 Pont.
884 1065 1026 1145 dederat,
1056 1075 1089 1128 ut

170 1147 314 1210 damnosa
347 1157 377 1210 et
406 1150 583 1228 haeretica,
613 1169 693 1230 quae
721 1170 777 1230 per
797 1149 960 1210 Lutherum
984 1158 1088 1224 essent

170 1230 372 1310 disseminata,
391 1231 573 1310 diudioaret,
596 1253 636 1292 ne
658 1233 825 1294 sinceritas*
840 1231 1013 1294 Christiana
1033 1233 1087 1294 bu-

167 1313 295 1376 iusmodi
316 1315 573 1396 disputationibus
596 1315 769 1376 laederetur
796 1316 846 1376 vel
866 1316 1086 1378 scandalizare-

168 1404 222 1476 tur,
243 1415 314 1476 „ae‚
338 1399 484 1478 quidquid
506 1399 591 1480 Papa
612 1419 704 1479 super
723 1399 771 1460 bia
794 1405 900 1460 sancte
921 1401 1087 1478 statuisset,

166 1481 196 1540 in
227 1481 357 1561 imperio
385 1501 440 1565 suo
481 1482 519 1544 ab
549 1481 690 1543 omnibus
719 1481 876 1543 observari
906 1483 1086 1547 facturum“.

165 1563 211 1624 Ea
241 1564 374 1643 epistola
405 1565 483 1628 infra
519 1572 672 1645 sequetur.
714 1564 764 1626 Ad
785 1563 929 1626 Friderioi
952 1573 1085 1626 mentem

165 1651 256 1726 atque
291 1649 425 1710 animum
448 1647 689 1729 perturbandum
710 1667 749 1710 ao
778 1647 956 1708 terrendum*
974 1650 1035 1710 iam
1057 1647 1086 1710 d.

163 1723 264 1790 111111.
288 1729 403 1811 Aprilis
428 1733 508 1796 1518
531 1731 701 1792 Oardinalis
722 1731 862 1812 Raphael
898 1731 937 1792 de
964 1733 1087 1794 Rovere

163 1811 324 1893 epistolam
348 1812 387 1876 ad
403 1814 589 1876 Fridericum
609 1815 780 1896 principem
801 1815 894 1893 misit,
915 1835 955 1876 ne
976 1815 1085 1876 Luthe-

161 1915 228 1956 rum
261 1897 389 1976 eiusquc
419 1899 532 1978 scripta
553 1904 689 1960 tueretur
687 1920 706 1994 ,-
749 1897 788 1958 ad
822 1916 890 1957 eam
921 1899 1084 1978 epistolam

160 1977 334 2040 Friderious
355 1980 603 2062 Responsionem
626 1982 709 2041 misrt
730 1980 759 2041 d.
782 1979 811 2041 V
834 2000 873 2040 m.
893 1979 985 2062 Aug,
1006 2000 1087 2060 quae

159 2061 266 2124 itidem
296 2061 375 2123 infra
406 2070 559 2144 sequetur.
601 2063 659 2125 Die
680 2063 778 2128 XXlll
803 2083 844 2124 m.
871 2062 951 2144 Aug.
972 2063 1086 2128 LeoX
1187 2073 1192 2087 “

157 2145 249 2207 Pont.
270 2145 457 2207 Fn'derioum
481 2149 650 2229 prinoipem
674 2167 730 2228 per
750 2145 1006 2209 literashortatus
1028 2150 1085 2226 est,

158 2236 191 2289 ut
215 2228 305 2291 daret
325 2249 450 2309 operam
474 2238 505 2292 et
529 2230 682 2309 efficeret,
704 2238 737 2290 ut
757 2231 903 2291 Martinus
925 2228 1086 2308 Lutherus,

157 2311 199 2373 ad
221 2310 474 2393 respondendum
495 2314 626 2375 Romam
650 2316 770 2391 citatus,
791 2315 823 2373 in
844 2320 1030 2395 potestatem
1053 2322 1085 2376 et

155 2394 305 2457 iudicium
327 2402 453 2477 sanetae
469 2394 551 2457 sedis
573 2396 765 2477 apostolieae
786 2395 990 2457 deduceretur
1005 2392 1084 2478 (vid.

155 2474 269 2561 infra).
311 2478 431 2541 Eodem
468 2486 570 2541 autem
603 2478 654 2541 die
679 2478 787 2541 XXlll.
814 2499 854 2543 m.
876 2480 955 2559 Aug.
984 2478 1086 2539 Roma

154 2560 253 2623 datae
279 2568 351 2621 sunt
378 2562 485 2623 literae
514 2560 670 2625 Cardinali
703 2560 871 2641 Caietano,
901 2561 1010 2641 quibus
1039 2561 1084 2622 illi

153 2643 352 2723 mandatur,
371 2652 405 2711 ut
426 2644 542 2725 absque
564 2644 628 2707 ulla
650 2664 737 2728 mora
757 2644 934 2725 Lutherum,
954 2644 1083 2707 haereti·

153 2746 229 2787 eum
252 2727 314 2789 iam
336 2726 548 2807 declaratum,
579 2728 726 2789 invocato
756 2729 925 2812 principum
948 2728 1084 2807 brachio,

129 2829 265 2871 .eoram
287 2830 322 2873 se
342 2811 546 2891 personaliter
559 2811 800 2893 comparendum
809 2817 936 2891 cogeret
957 2818 988 2872 et
1002 2831 1084 2873 com·

150 2892 299 2973 pelleret,
322 2901 353 2955 et
374 2895 406 2955 in
427 2900 620 2974 potestatem·
640 2914 727 2956 suam
738 2894 895 2956 redactum
923 2892 978 2955 sub
1001 2894 1084 2955 fideli

149 2974 303 3059 custodia,
327 2978 481 3054 retineret,
506 2976 607 3039 donec
634 2997 655 3037 a
679 2976 830 3038 Pontilioe
852 2976 936 3038 aliud
962 2977 1083 3039 babuis-

148 3065 204 3121 set
225 3060 260 3119 in
281 3059 442 3139 mandatis,
465 3067 502 3121 ut'
519 3078 624 3123 coram
640 3058 721 3121 Sede
743 3059 916 3139 apostolica
927 3061 1098 3121 sisteretur

148 3148 215 3203 etc.
1059 3200 1064 3209 ,

240 3224 304 3287 an
342 3224 446 3287 literas
487 3226 629 3302 (Breve
673 3224 756 3305 quod
795 3224 916 3301 dicunt)
950 3224 1082 3287 Luthero

146 3308 283 3369 demum
304 3308 407 3370 medio
429 3307 536 3371 mense
549 3306 675 3372 Octobri
695 3310 882 3385 innotuisse,
904 3327 1028 3372 cernere
1049 3306 1083 3369 li-

146 3397 206 3453 cet
237 3410 279 3451 ex
303 3391 453 3471 epistola,
485 3411 576 3471 quam
598 3390 746 3453 Lutherus
775 3389 1015 3471 Vittembergam
1037 3410 1083 3453 re·

144 3492 266 3537 versus
293 3473 322 3535 d.
345 3476 395 3539 31.
425 3494 465 3535 m.
493 3472 560 3537 Oct.
595 3478 674 3539 1518
710 3473 869 3556 Spalatino
905 3474 1001 3551 misit,
1029 3472 1083 3538 ubi

143 3558 236 3619 haec
258 3556 407 3639 legimus:
430 3558 684 3639 „Responsiones
706 3576 790 3618 meas
812 3555 851 3617 ad
873 3555 911 3616 D.
935 3554 1083 3620 Cardine-

143 3639 189 3702 lis
219 3639 344 3703 obiecta
375 3659 436 3701 una
473 3660 542 3701 cum
564 3640 774 3722 appellatione
801 3638 915 3701 curabo
937 3644 970 3699 ut
991 3640 1081 3701 edam

142 3725 182 3785 in
208 3722 343 3805 vulgus,
363 3722 486 3786 adiecto
508 3722 687 3805 theologico
710 3721 842 3801 quodam
865 3729 1013 3803 apparatu
1034 3743 1082 3783 su·

143 3825 209 3888 par
232 3806 335 3869 Brare
356 3806 585 3889 apostolicum,
610 3808 675 3869 imo
697 3803 902 3887 diabolicum,
928 3805 1013 3895 cuius
1047 3811 1082 3876 tu
