2600 4300
466 261 590 335 mutus
608 261 708 330 mons
728 250 782 317 xj
1010 246 1090 350 35¹3

134 446 227 509 salva
248 456 351 529 atque
369 449 487 527 illibata
507 458 677 529 manerent,
700 468 761 513 uun
784 457 949 533 possumu's
969 454 1071 516 existi-

137 549 226 604 mare
250 538 408 604 enmnoem
430 534 605 613 quempiam
625 553 645 593 a
666 530 738 611 flde,
760 532 811 595 vel
834 532 980 597 adversus
1003 526 1072 598 ee'm

135 614 244 693 potius
269 613 495 692 oblatrantem,
519 625 592 677 tuae
611 610 779 679 nobilitatis
794 615 900 679 lavore
926 624 980 679 aut
1004 636 1071 705 gra

138 698 181 757 tia
202 696 350 775 fretum,
382 697 544 778 superbiae
579 705 610 760 et
630 699 783 779 iniquitati
805 719 880 763 suae
899 700 987 763 frena
1008 712 1071 763 tam

136 778 294 840 audacter
315 780 434 843 laxare.
1000 830 1002 833 -

212 860 308 923 .Cum
329 863 410 939 veru¹
424 862 566 925 audimus
602 873 634 925 et
666 862 705 925 ad
728 884 785 927 uos
819 865 953 945 undique
975 862 1072 929 defer·

110 961 112 972 “
137 952 202 1022 tur,
232 944 394 1024 quendam
424 947 592 1027 iniquitatis
613 942 726 1025 fllium,
753 946 888 1011 Fratrem
909 948 1072 1009 Martiuum

136 1026 322 1106 Lutherum,
344 1028 460 1089 ordinis
481 1028 684 1107 Eremitarum
707 1028 738 1091 S.
762 1030 923 1111 Augustini
945 1049 1071 1113 congre

137 1111 281 1190 gatioms
304 1110 521 1181 Alamanniae,
550 1113 763 1174 immemorem
794 1112 916 1175 habitus
953 1112 1071 1195 proles·

139 1194 307 1272 sionisque
345 1213 440 1272 suae,
476 1213 555 1274 quae
585 1196 617 1256 in
643 1194 815 1257 humilitate
845 1203 876 1257 et
897 1194 1074 1279 obedientis

138 1276 296 1358 consistit,
318 1278 592 1357 praevaricantem,
612 1278 646 1339 in
668 1277 800 1339 eeclesia
814 1278 871 1339 Dei
892 1280 1072 1357 interese,

139 1366 295 1437 tanquam
316 1367 386 1421 tuse
407 1360 575 1423 nubilitatis
596 1360 751 1439 praesidio
780 1362 929 1443 munitus,
960 1360 1071 1426 nullius

139 1442 344 1506 autoritatem
363 1442 696 1522 reprehensionemque
718 1452 868 1505 vereatur.
902 1442 967 1507 Etsi
999 1462 1069 1527 apg-

140 1525 305 1604 uoscimus
324 1524 435 1600 falsum
455 1524 517 1587 hoc
538 1544 626 1605 esse,
655 1534 756 1587 tamen
789 1524 888 1587 eidem
920 1526 1070 1589 nobilitati

140 1614 211 1668 tuse
233 1606 435 1679 scribendum
458 1607 611 1683 duximus,
625 1606 783 1672 hortantes
802 1628 868 1671 eam
882 1609 913 1671 iu
925 1606 1070 1687 Domino,

141 1697 174 1749 ut
193 1709 253 1769 pro
278 1691 406 1761 nomine
427 1698 459 1754 et
480 1690 629 1771 dignitate
657 1688 730 1755 boni
762 1690 967 1771 catholicique
989 1692 1070 1753 Prin-

142 1773 229 1852 cipis,
254 1773 356 1852 qualis
379 1778 412 1833 tu
433 1792 477 1850 es,
498 1774 631 1834 retinere
653 1768 850 1853 splendorem
873 1778 1007 1855 optimae
1029 1776 1069 1837 fa-

143 1874 212 1929 mae
230 1857 360 1935 generis
381 1856 426 1915 tui
445 1856 674 1918 immaculatum
696 1857 735 1917 ab
765 1856 826 1919 heo
846 1858 999 1919 calumnia
1020 1874 1070 1917 ve-

144 1937 189 1999 lis.
211 1937 327 2017 Neque
346 1938 447 2000 solum
469 1937 592 2019 culpam
614 1931 851 2019 evitare,qu'ud
872 1938 964 2017 facis,
986 1940 1070 2005 nuda

145 2021 224 2080 euim
246 2020 351 2081 adhuc
372 2021 403 2081 in
417 2029 447 2082 te
468 2030 575 2082 nostro
597 2017 710 2083 iudicio
726 2018 885 2103 culpaest,
907 2019 1068 2085 sedetiam

144 2104 354 2184 suspicionem
387 2104 496 2186 fugere
524 2104 613 2166 huius
635 2104 768 2186 culpae,
802 2124 892 2185 quam
914 2104 968 2167 tihi
989 2104 1069 2166 illiue

144 2189 302 2248 temeritas
324 2187 436 2248 inferre
456 2195 594 2252 conmur.

225 2269 269 2330 m
288 2272 433 2349 quoniam
447 2290 488 2332 ex
502 2269 748 2332 doctissimorum
765 2289 803 2330 ac
822 2270 1067 2352 religiosissimo·

146 2372 209 2412 mm
231 2353 394 2414 hominum
425 2353 575 2418 relatione
593 2373 643 2437 ‚ap
675 2354 853 2433 praesertim
887 2353 990 2414 dilecti
1013 2351 1067 2413 illii

148 2435 285 2516 Magistri
319 2437 398 2496 sacri
421 2433 529 2496 Palatii
560 2437 658 2498 nostri
676 2435 776 2497 nubis
797 2443 935 2515 constat,
972 2433 1068 2496 multa

147 2517 259 2578 dictum
281 2518 417 2590 Fratrem
440 2519 603 2580 Martiuum
623 2518 788 2579 Lutherum
816 2519 911 2600 impia
937 2523 968 2578 et
997 2519 1067 2578 hae·

147 2601 239 2661 retica
261 2599 376 2662 audere
397 2619 545 2677 asserere,
569 2595 601 2662 et
621 2601 743 2681 publice
759 2599 934 2680 affirmare,
956 2619 1014 2662 nos
1035 2607 1068 2662 et

149 2698 215 2742 eum
244 2684 333 2744 citari
359 2683 399 2744 ad
427 2683 677 2764 respondendum
705 2685 868 2760 iussimus,
901 2689 934 2744 et
953 2681 1067 2745 dilecto

148 2764 339 2828 liliu‘nostru
359 2765 516 2844 ihomas,
544 2766 671 2829 titulis.
690 2766 767 2828 Sinti
790 2765 972 2848 Presbytero
996 2765 1067 2828 Oar-

151 2847 240 2909 dinsli
262 2856 369 2910 nostro
404 2858 436 2910 et
460 2849 549 2910 huius
580 2856 706 2921 sanctae
728 2849 816 2910 Sedis
838 2849 877 2910 de
898 2850 993 2910 latere
1013 2848 1067 2912 Le·

151 2938 228 3011 gato,
249 2931 368 2992 homini
390 2934 489 2993 omnis
511 2932 688 3013 theologiae
697 2931 973 3012 philosophiaeque
996 2951 1067 2995 con·

152 3014 324 3094 sultissimo,
346 3014 420 3094 quid
441 3033 509 3075 eum
530 3033 623 3096 agere
645 3021 806 3095 oporteat,
829 3017 1052 3082 commisimus.-

226 3097 414 3158 (lumautem
424 3097 502 3158 haec
517 3117 567 3158 res
575 3098 630 3158 Dei
642 3097 875 3178 catholicaeque
885 3097 957 3160 fldei
970 3099 1065 3159 since-

152 3179 265 3251 ritatem
286 3181 412 3241 omuino
436 3188 604 3242 concernat
634 3182 734 3260 sitque
755 3182 911 3262 proprium
933 3180 1065 3242 cilicium

152 3259 233 3323 Sedis
253 3262 466 3343 Apostolicae,
490 3263 560 3323 fidei
583 3265 757 3344 magistrae,
779 3281 984 3345 cognoscere,
1013 3265 1064 3342 qui

154 3351 230 3406 recte
251 3347 386 3407 sentiant
405 3354 459 3406 aut
478 3363 649 3426 perperam.
692 3346 856 3407 Hortamur·
881 3343 982 3406 denuo
1011 3363 1065 3408 no·
1132 3421 1133 3426 γ

155 3424 295 3490 bilitatem
310 3434 392 3488 tuam
406 3435 438 3488 et
452 3429 488 3504 ⁸in
508 3431 621 3490 virtute
633 3437 760 3489 sanctae
773 3427 968 3488 obedieutiae
982 3444 1064 3487 msu-

156 3507 273 3590 damus,
309 3517 343 3572 ut
363 3517 395 3571 et
414 3510 474 3571 Dei
504 3518 536 3572 et
555 3509 660 3573 Nostri
691 3518 723 3570 et
749 3511 796 3570 sui
823 3509 950 3572 honoris
972 3525 1066 3571 musa

157 3589 222 3653 dare
241 3609 368 3674 operam
380 3599 413 3653 et
422 3591 546 3656 edicere
566 3595 649 3666 velit,
668 3599 701 3654 ut
721 3593 747 3652 is
761 3589 907 3652 Martinus
917 3589 1064 3653 Lutherus

156 3675 183 3733 in
200 3681 386 3756 potestatem
405 3683 436 3737 et
456 3677 602 3738 iudicium
621 3677 710 3737 huius
732 3679 856 3735 sanetae
868 3673 966 3755 Sedis,
988 3677 1067 3736 sicut

158 3775 175 3816 a
190 3758 359 3842 telegatus
371 3758 546 3845 praedictat
560 3759 761 3840 requisiverit,
781 3757 957 3821 deducatur.
975 3756 1066 3834 Quod

179 3875 264 3918 lutheri
276 3887 328 3928 opp.
340 3879 368 3921 V·
381 3876 409 3916 L
423 3875 502 3920 suna
515 3876 566 3918 lrtst
579 3878 594 3917 l.
615 3886 637 3924 p.
651 3875 700 3918 vol.
708 3873 737 3915 11.
852 3875 895 3940 23
