2600 4300
405 323 440 380 u
459 325 559 383 otuu
574 324 820 404 niumm
995 322 1079 391 ,ω

153 490 241 571 polee
264 491 434 571 quaedam,
456 493 524 555 sint
545 496 650 555 tamen
671 512 769 574 gimo
791 492 1001 569 monulus,
1025 493 1076 563 de
1157 494 1160 507 '

155 573 196 633 dit
217 573 379 650 eenlesiae.
422 574 498 637 Ideo
521 582 553 641 et
573 574 655 640 Paul.
667 578 707 655 2.,
730 575 780 639 ubi
801 577 885 639 Deua
906 574 1077 639 dieitOlnri-

135 662 215 718 sto:
237 656 396 720 Postulea
410 677 470 737 me,
493 666 526 719 et
545 658 627 722 dabo
650 660 704 722 tibi
722 666 832 740 gentes
853 661 885 721 in
906 658 1075 723 haeredita

152 747 222 815 teus,
244 747 278 801 et
289 742 526 820 possessionem
547 748 630 805 tuam
645 742 793 805 terminos
815 749 925 819 ten-nee,
945 740 1076 827 intelligi

151 828 274 901 oportet
295 822 411 904 oppido
444 830 476 885 et
496 843 590 905 agros
612 822 652 887 ab
673 826 793 887 oriente
819 826 851 887 in
871 822 1076 890 oueidentem.

150 904 297 984 Alioquin
320 913 429 969 noeteo
451 914 602 988 tempore
625 909 652 969 si
674 909 742 987 quis
764 906 908 987 loquatur
928 906 1018 971 aliter
1037 907 1076 969 de

149 985 240 1052 rebus
261 988 417 1051 eeuleeiee
438 997 471 1051 et
491 990 709 1071 spiritualibus,
731 992 789 1055 erit
808 990 956 1053 barbanus
977 990 1076 1069 nubis,

148 1070 221 1131 linet
242 1078 276 1131 et
296 1072 333 1133 B.
343 1071 525 1136 Ismenius
546 1072 708 1137 facultates
730 1072 882 1135 ecelesiae
903 1073 1015 1135 dixerit
1034 1073 1076 1135 di-

149 1152 248 1232 vitius,
271 1153 330 1242 sed
349 1174 414 1217 uon
436 1154 531 1217 solae

463 1320 681 1385 conclusio
711 1320 778 1383 LX.

228 1446 308 1509 Sine
329 1450 503 1509 temeritate
524 1446 674 1529 dicimus,
696 1449 800 1510 eleves
823 1450 974 1511 eeclesiae
996 1450 1076 1527 (me-
1174 1480 1178 1489 ι

148 1532 204 1590 rito
228 1530 347 1591 Christi
369 1530 521 1609 donatas)
544 1550 615 1591 esee
636 1532 814 1600 thesaurum
835 1534 937 1592 istum.

228 1611 263 1674 Si
301 1613 396 1673 istud'
414 1614 557 1675 meritum
579 1622 760 1691 vocaretur,
790 1622 821 1676 et
850 1615 1010 1676 thesaurus
1031 1616 1075 1675 in·

148 1694 394 1777 dulgentinmm,
429 1696 549 1757 scilieet
574 1704 714 1778 potestas
737 1696 884 1777 clavium,
913 1698 1006 1779 plens
1029 1703 1077 1757 est
1149 1744 1170 1759 .

147 1777 363 1859 intelligentie.
387 1776 498 1845 Nullus
520 1781 602 1840 enim
625 1779 753 1861 dubitat,
776 1782 847 1860 quin
871 1778 1075 1842 menitoChri-

148 1863 185 1921 sti
206 1861 360 1923 donatum
383 1862 423 1922 sit
443 1861 609 1943 eeclesiae,
628 1862 774 1943 quiequid
796 1862 945 1925 donatum
967 1867 1021 1923 est.

444 2026 664 2088 Oonelnsio
696 2024 786 2088 LXI.

226 2154 356 2216 Clanum
368 2163 418 2221 est
436 2157 530 2236 enim,
550 2155 637 2238 quod
658 2154 698 2216 ad
720 2157 934 2224 remissionem
955 2174 1071 2236 poena·
1149 2173 1153 2182 ’

93 2301 94 2311 ,
148 2256 211 2298 num
234 2246 272 2300 et
291 2257 421 2302 oasunm
444 2239 515 2303 sols
535 2238 650 2301 suffidt
670 2246 810 2319 potestas
827 2259 938 2320 papae.

207 2320 412 2396 Probaturex
432 2323 502 2403 ipso
524 2322 596 2384 stilo
617 2341 727 2404 papae,
750 2322 823 2382 dum
834 2341 990 2402 nunquam
1013 2339 1077 2381 me·

147 2404 237 2466 minit
269 2405 450 2468 meritorum
480 2404 595 2466 (inmte
622 2423 655 2466 m
685 2403 823 2485 ligando·
841 2412 896 2466 aut
914 2401 1077 2480 solvendo,

149 2483 209 2549 sed·
225 2487 446 2554 tantummodo
467 2487 544 2548 dioit
563 2487 604 2550 da
625 2487 816 2568 plenitudine
836 2487 1016 2568 potestatis,
1038 2504 1077 2546 ex

150 2576 233 2630 uerte
254 2571 389 2632 seientia
408 2577 441 2632 et
462 2577 548 2633 motu
570 2571 706 2652 proprio.
1063 2608 1066 2623 ·

232 2651 399 2733 Secundo,
430 2672 470 2714 ex
491 2654 649 2714 communi
678 2654 814 2714 omnium
836 2653 988 2714 sententia
1009 2667 1078 2730 pro·

150 2733 301 2816 bantium,
322 2736 531 2818 indulgentiae
550 2737 663 2801 virtute
684 2735 765 2799 illius
787 2734 872 2798 verbi
884 2734 1003 2816 donari,
1024 2731 1077 2795 ubi

151 2816 289 2879 Christus
311 2817 402 2880 dicit:
427 2815 642 2899 Quodnunqne
663 2819 792 2880 solveris
815 2826 873 2880 ete.
896 2815 986 2893 Quod
1012 2835 1076 2877 ver-

150 2899 221 2965 bum
241 2909 362 2982 ,putant
388 2903 458 2964 sine
483 2903 592 3058 vigore
619 2921 706 2980 ease,
734 2901 794 2962 nisi
815 2908 1002 2981 potestatem
1024 2897 1076 2958 do·

151 2983 242 3045 nandi
265 2985 467 3064 permitteret.
537 3003 611 3048 uere
631 2991 664 3046 et
688 2984 748 3064 ipsi
770 2984 868 3046 solam
891 2988 1077 3064 potestatem

151 3066 329 3148 intelligunt
349 3065 504 3148 snd'neene,
525 3066 614 3129 nulla
633 3075 737 3128 autem
759 3067 923 3128 autoritate
946 3064 1078 3147 probent

154 3147 350 3226 tesaurum,
371 3149 428 3212 ned
447 3149 531 3214 beno
549 3151 749 3212 autoritatem
769 3147 856 3212 velut
875 3148 1077 3210 enflinientem

151 3231 319 3309 adducunt,
332 3252 425 3313 onae
442 3241 547 3295 temen
564 3240 657 3296 nome
672 3233 784 3294 nudem
796 3239 991 3312 potestatam,
1012 3242 1075 3288 non

152 3323 255 3378 autem
277 3315 522 3398 applieatiunem
545 3316 732 3378 meritorum.

230 3398 357 3478 Tertio,
386 3397 525 3478 alioquin
560 3399 654 3460 etium
675 3399 706 3460 in
735 3397 803 3460 eliis
824 3394 1022 3477 ligationibus
1044 3397 1076 3454 et

152 3481 355 3546 solutionibus
376 3479 580 3562 intelligenda
590 3489 674 3542 esset
696 3481 867 3542 distributio
888 3477 1075 3555 meritorum,

153 3572 233 3644 pete,
256 3562 384 3644 qnando
407 3562 594 3626 sacerdotali
615 3561 720 3625 officio
743 3562 1001 3637 excommunicet
1022 3555 1077 3622 ab·

154 3645 252 3724 solvit,
276 3645 410 3726 ordinat,
431 3645 606 3725 deordinut,
627 3649 743 3726 statuit,
758 3643 897 3726 abrogat,
915 3641 1076 3725 praecipit,

154 3729 303 3808 probibet,
324 3729 493 3810 dispensat,
515 3735 622 3804 mutat,
642 3729 868 3810 interpretatur.
890 3727 923 3790 ln
937 3727 974 3788 iis
994 3725 1078 3792 enim

155 3809 294 3879 omnibus
321 3813 424 3893 enm:
459 3814 574 3877 vittata
600 3812 688 3874 influe
716 3811 816 3872 verbi:
852 3807 1075 3886 Quodmnqna

178 3927 582 3981 mmmvununeuss
605 3927 767 3978 neuun.
873 3907 912 3971 18
1041 3957 1048 3972 .
