2600 4300
242 295 305 364 154
487 299 685 356 mne
704 301 814 372 oropus
833 304 909 356 nes.

242 477 371 548 tenure,
393 477 425 532 st
445 491 554 552 penem
574 472 645 547 in1)
670 491 713 548 re,
734 489 798 532 non
819 472 851 530 in
866 470 1163 538 fldereilehebere.

241 554 373 614 fautum
405 555 486 614 enirn
518 554 647 616 hebebis
681 555 784 634 posis,
817 561 962 634 quantum
996 555 1163 616 eredideris

241 636 336 698 verbo
358 639 578 716 promittentis:
607 638 822 716 Quodcunque
843 637 972 698 solveris
994 646 1055 699 eto.
1099 640 1163 700 Pex

238 721 322 780 enim
345 727 451 781 nostre
462 721 598 781 Christos
620 728 677 799 est,
700 720 809 780 sedin
833 719 902 782 fide.
932 720 1023 795 Quod
1045 723 1072 781 si
1096 725 1163 802 quis

240 803 312 862 hoio
333 804 428 864 uerbo
450 823 513 864 non
534 803 642 883 eredit,
669 803 789 864 etiamsi
801 803 910 881 pfus2)
937 804 1049 865 millies
1062 805 1163 866 obsol-

241 894 330 946 vetor
350 905 369 946 n
388 906 471 966 pepe
491 888 575 966 ipso,
597 893 628 947 et
648 889 705 947 toti
728 885 842 946 mondo
865 885 1067 965 eonfiteretur,
1090 909 1163 948 nuu-

242 987 334 1048 quem
356 971 416 1030 erit
436 970 565 1048 quietus.

324 1052 409 1112 Heee
429 1053 520 1132 igitur
541 1058 588 1112 est
608 1052 663 1112 illo
684 1051 863 1112 dulcissime
873 1055 1024 1131 potestas,
1047 1052 1164 1133 deque

243 1153 378 1194 summes
400 1137 514 1216 gratim
538 1137 661 1195 eximo
683 1135 783 1195 sordis
805 1152 898 1214 egere
915 1135 1062 1196 debemus
1087 1137 1164 1214 Deo,

140 1209 146 1219 ’
230 1219 293 1296 ·qui
318 1218 409 1277 telem
432 1217 516 1277 dedit
537 1224 722 1298 potestatem
744 1211 984 1295 homininum),
1012 1237 1093 1298 quae
1119 1227 1165 1279 est

241 1301 332 1362 unios
354 1301 529 1361 oonsoletio
549 1307 748 1380 peeestorum
772 1307 803 1360 et
823 1300 989 1360 infelicium
1001 1303 1163 1362 oonsoien-

240 1385 366 1460 tiorum,
388 1386 414 1443 si
436 1383 530 1444 modo
552 1383 704 1444 Christum
727 1403 802 1443 vere
823 1385 1003 1462 promisisse
1025 1385 1162 1445 eredent.

323 1466 371 1526 Ex
394 1468 459 1526 istie
482 1485 564 1526 nune
585 1474 686 1546 petet,
717 1465 801 1546 quod
829 1485 921 1546 supra
946 1468 1163 1546 quaerebatur,

241 1549 367 1625 seilicet,
392 1549 474 1628 quod
495 1549 568 1609 lieet
587 1548 730 1608 remissio
754 1548 864 1627 eulpae
886 1547 940 1608 fiet
960 1565 1017 1628 per
1036 1551 1164 1612 infusio-

240 1651 312 1690 nem
328 1634 444 1711 gretise
457 1639 530 1692 ente
544 1633 758 1692 remissionem
771 1631 951 1706 sacerdotis,
972 1633 1043 1692 telis
1059 1640 1163 1694 temen

241 1722 292 1774 est
310 1715 422 1774 infusio
444 1717 570 1795 gretes,
591 1722 625 1774 et
644 1716 689 1774 ito
710 1714 766 1774 sub
787 1713 885 1774 forma
901 1714 1165 1778 ireeebsoondit'e

244 1796 414 1875 (siquidem
436 1798 566 1878 vestigio
584 1799 649 1858 eius
663 1816 724 1857 non
739 1803 977 1877 cognoscuntur,
999 1798 1104 1860 Psslm
1115 1805 1163 1876 77,

241 1887 274 1939 et
295 1882 406 1939 semite
425 1881 457 1940 in
479 1880 607 1959 pedibus
628 1883 694 1940 eius
716 1899 778 1940 non
801 1885 938 1959 apparet,
959 1880 1018 1940 iso.
1035 1883 1110 1956 41),
1132 1889 1165 1942 ut

242 1963 335 2023 homo
358 1963 503 2023 insertior
523 1963 564 2022 sit
583 1963 622 2022 de
642 1964 755 2044 grstia,
782 1982 851 2022 num
873 1963 965 2022 fuerit
984 1965 1053 2042 ipse
1075 1985 1162 2044 pree·
1212 2011 1213 2040 3

216 2064 328 2123 sens,
356 2063 448 2124 quem
469 2065 540 2105 eum
561 2058 610 2105 est
630 2045 752 2106 absens.
795 2045 869 2113 ideo
893 2045 1000 2106 ordine
1022 2049 1163 2126 generali

224 2147 305 2189 vnoo
329 2135 377 2189 est
397 2128 486 2189 nobis
508 2135 593 2189 serto
613 2129 752 2191 remissio
777 2128 901 2208 eulpae,
929 2129 987 2189 nisi
1009 2150 1067 2209 per
1086 2130 1162 2192 iudi-

241 2214 321 2271 eium
345 2211 523 2286 snoerdotis
546 2231 605 2272 neo
624 2232 681 2292 per
700 2213 800 2291 ipsum
820 2210 951 2289 quidem,
974 2213 1032 2272 nisi
1051 2214 1160 2275 eredes

241 2294 364 2354 Christo
374 2296 579 2374 promittenti:
602 2294 816 2373 Quodcunque
827 2294 957 2355 solveris
969 2302 1027 2355 eto.
1051 2298 1161 2357 Dones

240 2384 345 2437 eutem
365 2376 455 2438 nobis
476 2380 593 2438 inserte
613 2385 676 2455 est,
709 2396 767 2438 neo
793 2378 932 2439 remissio
955 2378 1080 2456 quidem
1104 2389 1160 2455 est,

241 2460 312 2519 dum
335 2460 471 2521 nondum
492 2461 583 2521 nobis
604 2462 745 2521 remissio
766 2466 825 2537 est,
847 2461 911 2521 imo
932 2462 1047 2541 periret
1065 2462 1159 2525 homo
1211 2488 1212 2499 ¹

242 2543 347 2622 peius,
375 2545 434 2603 nisi
454 2542 543 2603 fieret
564 2550 668 2620 certe,
697 2545 770 2623 quie
791 2562 854 2603 non
876 2542 1015 2604 erederet
1036 2544 1096 2606 sibi
1118 2566 1160 2606 re-

243 2623 423 2686 missionem
444 2626 566 2687 feetsm.

326 2708 379 2769 Sie
398 2708 534 2769 Christus
555 2708 713 2769 deiferis
734 2707 919 2789 Megduiene
940 2708 979 2769 od
1003 2709 1159 2773 Simonem

244 2791 399 2870 leprosum
421 2791 512 2851 dixit:
554 2792 762 2852 Remittuntur
794 2793 822 2851 ei
852 2793 1068 2870 pemse**)‚
1101 2812 1160 2873 quo

243 2875 349 2953 utique
379 2872 564 2955 signifioovit
592 2875 722 2955 gratim
756 2875 784 2935 ei
818 2876 878 2933 iem
911 2875 1052 2937 infusam.
1102 2874 1160 2939 Sed
1210 2946 1211 2953 ἵ

244 2956 324 3016 hono
346 2958 529 3017 infusionem
555 2959 622 3037 ipse
650 2976 713 3018 non
743 2958 903 3036 eognovit‚
933 2958 1071 3019 nondum
1099 2964 1163 3020 eret
1210 2958 1211 2976 ¹

244 3058 307 3119 pex
328 3040 448 3101 ossibus
474 3041 538 3100 suis
566 3060 584 3099 e
605 3040 685 3100 faeie
736 3046 909 3100 seoetorum
937 3044 1161 3116 suorum***),

245 3121 347 3182 donee
367 3122 407 3181 ed
429 3142 498 3182 eom
521 3141 688 3187 eonversus
709 3060 839 3183 Sineres:
882 3122 1089 3185 Remittuntor
1109 3124 1160 3185 tibi

244 3212 374 3284 peoeote
402 3214 463 3265 tus.
505 3204 596 3265 Fides
623 3214 677 3265 tue
707 3212 738 3267 te
766 3204 882 3265 salvem
914 3205 987 3267 feeit
1017 3205 1161 3289 (esitium,

245 3306 306 3366 que
333 3288 462 3348 eredidit
488 3289 685 3362 remittenti).
730 3286 803 3348 Ideo
834 3289 983 3367 sequitur,
1018 3290 1104 3351 Vede
1131 3293 1159 3349 in
1209 3340 1210 3373 Ξ

266 3388 332 3431 soe.
448 3396 460 3404 ·
666 3414 668 3421 >

244 3392 265 3451 p
328 3454 369 3513 Et
385 3452 551 3512 -eduiteree
572 3452 616 3511 illi
624 3456 664 3530 ᾧ)
678 3453 749 3513 iem
772 3452 901 3513 remisse
921 3462 1161 3535 omnipotetem,

249 3622 665 3633 ——n-u——n--n—2—

243 3704 246 3711 ¹
319 3724 353 3791 1)
371 3725 402 3776 fn
420 3724 463 3778 ed.
481 3725 542 3778 Jen.
562 3722 653 3778 deest:
672 3726 712 3777 in.
748 3709 887 3787 silbins
905 3724 1013 3778 miiliee.

321 3795 351 3862 ⁸)
374 3795 465 3848 Metth.
479 3796 505 3851 9.
545 3793 708 3860 ”)Luu.7.
746 3796 812 3861 W)
831 3794 947 3853 mmet
981 3794 1015 3865 †)
1037 3797 1161 3852 Iohsn.8.
