2600 4300
210 334 274 405 248
475 336 671 394 Remmdones
690 336 798 409 disput.
810 334 888 391 Loth.

212 504 331 569 damna.
370 505 414 567 nt
438 504 511 569 ideo
538 505 604 583 xiiio
632 506 729 586 narni,
766 506 817 567 hio
851 500 983 567 servitor
1009 496 1141 585 spirimi.

212 588 253 652 Et
274 587 408 650 breviter
427 588 492 649 illio
514 594 652 667 naturae,
675 588 725 649 hio
747 587 858 649 satisfit
872 588 1000 670 gratiae.
1035 584 1144 660 Quart

211 673 323 738 veniae
350 689 490 733 seorsum
521 678 662 759 samotra
684 678 755 733 aunt
774 666 1075 754 incomparabilea¹J
1100 660 1142 727 ad

212 772 290 838 opus
311 753 551 817 miseridordiae.
839 756 860 771 '¹
1089 768 1092 775 ’

297 836 373 898 item
397 843 475 917 opus
498 838 565 897 sine
588 837 686 898 veniis
717 838 821 919 purius
853 844 915 917 est,
948 831 1039 915 quain
1068 850 1142 892 oum

212 920 325 997 veniis,
347 920 509 981 streniae
530 926 602 981 aunt
623 920 726 1003 operis
757 918 882 1001 aliquod
910 919 1035 995 vitium,
1105 915 1144 973 ἀ

212 1003 322 1084 rsoipit
342 1001 516 1072 mercedem
538 1021 641 1082 snam,
663 1004 726 1064 imo
751 1002 819 1085 plus
843 1020 934 1083 quam
963 1011 1066 1061 meroe
1090 1012 1143 1059 em

213 1104 311 1146 anam.
354 1083 496 1147 Sanctius
517 1086 620 1166 itaque
642 1093 783 1167 agerent,
813 1087 839 1146 si
861 1083 943 1147 nude
965 1080 1143 1145 contribue-

214 1174 292 1245 rent‚
314 1173 347 1228 et
365 1186 429 1229 non
452 1168 712 1249 propteryeniae.
747 1168 817 1229 Non
839 1166 923 1249 qnod
943 1166 1055 1227 veniae
1079 1164 1145 1223 sint

214 1248 314 1310 malm
336 1256 368 1311 et
388 1250 517 1328 noxiae,'
533 1250 587 1310 sed
610 1250 693 1330 quod
715 1250 828 1313 abusus
850 1268 1013 1331 perversus
1034 1250 1144 1323 n'ooet,

214 1330 285 1394 dum
310 1331 373 1393 tale
393 1350 471 1429 opos
493 1348 556 1393 non
579 1332 724 1405 facerent,
746 1334 806 1393 nisi
826 1333 938 1393 veniae
959 1336 1081 1407 essent,
1105 1346 1145 1387 ae

93 1412 105 1429 “
214 1415 260 1475 aio
279 1412 349 1475 tinia
372 1432 473 1494 opens
495 1414 669 1477 huiuamodi
690 1414 725 1477 fit
745 1414 846 1492 venia,
867 1416 930 1476 imo
948 1414 1016 1494 ipse
1031 1412 1144 1487 homo,

215 1498 267 1577 qui
290 1498 409 1576 quaerit
429 1514 509 1578 qnae
530 1517 587 1558 sua
619 1504 706 1577 aunt,
735 1516 804 1559 oum
834 1496 1023 1569 deberenm)
1059 1512 1144 1575 opus

213 1585 342 1660 propter
362 1578 461 1639 Deum
484 1585 516 1641 et
535 1582 630 1662 gratis
650 1581 763 1655 faeere,
785 1586 817 1643 et
836 1581 944 1641 venias
966 1596 1028 1639 non
1047 1576 1145 1639 aliter

215 1668 393 1742 aooeptare,
415 1680 505 1741 qnam
527 1664 622 1744 gratis
643 1662 718 1741 sibi,
737 1682 813 1751 ¹non
835 1668 962 1743 propter
983 1658 1143 1721 contribu-

214 1744 335 1816 tionem
356 1742 454 1822 datas,
476 1751 510 1804 ut
529 1746 575 1805 sio
595 1745 640 1805 ilii
663 1747 769 1806 venias
791 1764 853 1807 non
876 1750 990 1823 emant,
1012 1760 1073 1805 neo
1089 1741 1142 1802 isti

214 1824 359 1889 vendant.
409 1826 541 1909 Oportet
567 1829 649 1888 eninr
676 1828 838 1909 utrobique
870 1846 939 1889 esse
973 1825 1143 1909 gratuitam

215 1906 505 1989 donationem,'vel
526 1910 584 1971 erit
604 1912 767 1971 manifesta
788 1911 929 1989 simonia,
950 1916 986 1970 et
997 1906 1141 1968 venditio

216 1992 398 2073 turpissima.
442 1990 503 2053 Sed
524 1994 592 2073 quis
613 1992 692 2054 haee
712 1993 828 2075 populo
845 1992 927 2072 dicit,
950 1990 1076 2071 qnando
1100 1988 1145 2049 di·

216 2074 307 2135 oitnr:
348 2072 478 2156 Impone
496 2076 602 2217 {retia
625 2082 656 2135 et
678 2092 736 2158 ego
760 2075 899 2137 oonoedo
921 2072 1038 2156 gratis?

294 2157 371 2218 Item
399 2159 493 2218 timon
517 2177 584 2237 um,
606 2163 652 2219 ne'
668 2177 724 2240 per
744 2159 837 2219 iilam*
852 2157 967 2220 ordinis
989 2155 1144 2238 perversi-

215 2243 310 2305 ntem
334 2241 499 2324 magnoin
522 2240 655 2302 eeclesia
677 2241 777 2303 alatur
803 2239 956 2303 idolatria.
1005 2238 1088 2314 Quia
1117 2238 1145 2297 ai

214 2321 347 2466 mum
369 2321 517 2383 doceatur
535 2330 662 2404 propter
682 2343 852 2404 poenarum
873 2325 1053 2384 evasionem
1070 2337 1145 2381 oon-

246 2404 253 2418 '
275 2423 350 2464 nere
374 2404 476 2484 (quod
498 2425 590 2486 spero
612 2425 676 2467 non
697 2405 767 2484 flat,
790 2413 821 2466 et
842 2407 867 2466 si
889 2405 976 2466 multi
995 2404 1077 2465 forte
1099 2403 1146 2462 sio

179 2560 183 2571 ..
211 2485 416 2568 intelligant),
432 2492 505 2548 tuno
519 2487 634 2557 clarum
650 2493 708 2568 est,
721 2487 803 2570 quod
822 2507 885 2552 non
898 2493 1025 2569 propter
1037 2482 1142 2548 Deum

179 2574 189 2581 “’
214 2569 419 2649 contribuunt
442 2576 474 2630 et
494 2571 552 2631 erit
571 2572 664 2634 timor
699 2590 856 2650 oenarnm,
877 2590 932 2632 sen
951 2589 1055 2650 poena
1077 2567 1144 2628 ido-

214 2649 278 2710 in'm
301 2667 424 2731 eornm,
455 2653 503 2729 oni
527 2653 572 2713 sio
593 2589 774 2715 oaoridoant.
818 2650 908 2729 Quod
930 2654 955 2712 ai
977 2651 1021 2712 ita
1042 2649 1143 2730 tieret

215 2731 277 2793 talo
299 2732 424 2813 aliquod
447 2735 560 2795 malum
583 2742 727 2817 ageretur
747 2737 779 2797 in
804 2733 1054 2814 ecclesiasquasi
1067 2731 1142 2794 olim

214 2815 247 2875 in
268 2814 417 2878 Romanis
438 2816 605 2898 gentilibus
625 2818 782 2900 agebatur,
817 2819 919 2880 nendo
936 2817 1011 2879 febri
1025 2822 1057 2877 at
1074 2815 1143 2876 aliis

215 2897 312 2957 laevis
336 2903 368 2959 et
387 2901 490 2961 noxiis
512 2900 686 2962 numinibus
709 2903 788 2962 servi
830 2909 899 2980 ant,
922 2919 962 2961 ne
984 2897 1143 2960 laederen-

216 2985 274 3041 tur.
316 2979 392 3042 Ideo
414 2981 466 3044 hio
486 2983 677 3066 vigilandum
698 3003 754 3065 pro
769 2983 899 3066 populo,
914 2989 946 3044 et
964 2989 1034 3044 tam·
1048 2979 1143 3042 dubia

215 3067 310 3204 ῒὲᾳὲθ
340 3063 516 3144 periculosa
549 3067 676 3147 negotia
707 3068 759 3128 vix
786 3065 970 3138 doctissimis
1003 3063 1143 3126 commit-

248 3163 319 3204 na.

496 3305 709 3399 Conclusio
738 3306 863 3372 XLIII.

299 3433 442 3495 Dooandi
461 3440 534 3494 anat
546 3434 720 3513 Christiani,
735 3435 821 3515 quod
840 3435 918 3497 dans
937 3433 1069 3518 pauperi
1090 3438 1142 3494 ant

209 3520 361 3659 'ma
380 3517 485 3597 egenti
507 3516 616 3578 meiius
631 3519 725 3634 garrit,
760 3526 851 3599 qnam
879 3520 904 3578 si
933 3517 1042 3579 venias
1063 3515 1140 3578 redi·

219 3744 438 3865 &abidam
466 3764 523 3803 non
549 3753 614 3804 aunt
638 3746 849 3820 comparabiles.
892 3749 926 3836 2)
956 3747 1039 3840 ibid:
1075 3747 1138 3802 dnm
