<?xml version="1.0" encoding="UTF-8"?>
<!DOCTYPE html PUBLIC "-//W3C//DTD XHTML 1.0 Transitional//EN"
    "http://www.w3.org/TR/xhtml1/DTD/xhtml1-transitional.dtd">
<html xmlns="http://www.w3.org/1999/xhtml" xml:lang="en" lang="en">
 <head>
  <title>
</title>
<meta http-equiv="Content-Type" content="text/html;charset=utf-8" />
  <meta name='ocr-system' content='tesseract 3.04.00' />
  <meta name='ocr-capabilities' content='ocr_page ocr_carea ocr_par ocr_line ocrx_word'/>
</head>
<body>
  <div class='ocr_page' id='page_1' title='image "./operalatinavari06schmgoog_0279.png"; bbox 0 0 2600 4300; ppageno 0'>
   <div class='ocr_carea' id='block_1_1' title="bbox 339 266 1046 382">
    <p class='ocr_par' dir='ltr' id='par_1_1' title="bbox 339 266 1046 382">
     <span class='ocr_line' id='line_1_1' title="bbox 339 266 1046 382; baseline 0.014 -17"><span class='ocrx_word' id='word_1_1' title='bbox 339 266 348 275; x_wconf 41' lang='grc'><em>“</em></span> <span class='ocrx_word' id='word_1_2' title='bbox 385 312 540 370; x_wconf 74' lang='lat' dir='ltr'>osmonte</span> <span class='ocrx_word' id='word_1_3' title='bbox 553 310 799 382; x_wconf 61' lang='lat' dir='ltr'>indulgendum.</span> <span class='ocrx_word' id='word_1_4' title='bbox 980 304 1046 375; x_wconf 60' lang='lat' dir='ltr'><strong><em>m</em></strong></span> 
     </span>
    </p>
   </div>
   <div class='ocr_carea' id='block_1_2' title="bbox 135 476 1046 893">
    <p class='ocr_par' dir='ltr' id='par_1_2' title="bbox 135 476 1046 893">
     <span class='ocr_line' id='line_1_2' title="bbox 139 476 1044 561; baseline 0 -20"><span class='ocrx_word' id='word_1_5' title='bbox 139 479 229 560; x_wconf 82' lang='lat' dir='ltr'>heret,</span> <span class='ocrx_word' id='word_1_6' title='bbox 261 498 325 541; x_wconf 91' lang='lat' dir='ltr'>non</span> <span class='ocrx_word' id='word_1_7' title='bbox 352 480 538 561; x_wconf 76' lang='lat' dir='ltr'>proficerent</span> <span class='ocrx_word' id='word_1_8' title='bbox 564 482 592 545; x_wconf 83' lang='lat' dir='ltr'>ei</span> <span class='ocrx_word' id='word_1_9' title='bbox 619 479 842 561; x_wconf 74' lang='lat' dir='ltr'>indulgentius,</span> <span class='ocrx_word' id='word_1_10' title='bbox 874 476 1044 541; x_wconf 77' lang='lat' dir='ltr'>seeundum</span> 
     </span>
     <span class='ocr_line' id='line_1_3' title="bbox 137 560 1044 644; baseline 0.003 -19"><span class='ocrx_word' id='word_1_11' title='bbox 137 564 305 643; x_wconf 78' lang='lat' dir='ltr'>opinionem</span> <span class='ocrx_word' id='word_1_12' title='bbox 326 564 463 644; x_wconf 89' lang='lat' dir='ltr'>ipsorum</span> <span class='ocrx_word' id='word_1_13' title='bbox 489 566 549 634; x_wconf 83' lang='lat' dir='ltr'>(ite</span> <span class='ocrx_word' id='word_1_14' title='bbox 569 565 650 625; x_wconf 87' lang='lat' dir='ltr'>enim</span> <span class='ocrx_word' id='word_1_15' title='bbox 673 564 797 643; x_wconf 78' lang='lat' dir='ltr'>sepiunt</span> <span class='ocrx_word' id='word_1_16' title='bbox 817 561 984 627; x_wconf 73' lang='lat' dir='ltr'><strong>sublimiter</strong></span> <span class='ocrx_word' id='word_1_17' title='bbox 1005 560 1044 627; x_wconf 86' lang='lat' dir='ltr'>de</span> 
     </span>
     <span class='ocr_line' id='line_1_4' title="bbox 136 643 1044 728; baseline -0.002 -21"><span class='ocrx_word' id='word_1_18' title='bbox 136 646 310 707; x_wconf 70' lang='lat' dir='ltr'>remissione</span> <span class='ocrx_word' id='word_1_19' title='bbox 330 646 531 728; x_wconf 80' lang='lat' dir='ltr'>poenorum),</span> <span class='ocrx_word' id='word_1_20' title='bbox 555 666 625 708; x_wconf 84' lang='lat' dir='ltr'>num</span> <span class='ocrx_word' id='word_1_21' title='bbox 648 666 703 726; x_wconf 83' lang='lat' dir='ltr'>por</span> <span class='ocrx_word' id='word_1_22' title='bbox 724 646 938 709; x_wconf 85' lang='lat' dir='ltr'>contritionem</span> <span class='ocrx_word' id='word_1_23' title='bbox 950 643 1044 705; x_wconf 89' lang='lat' dir='ltr'>homo</span> 
     </span>
     <span class='ocr_line' id='line_1_5' title="bbox 135 727 1044 810; baseline 0.001 -22"><span class='ocrx_word' id='word_1_24' title='bbox 135 729 204 789; x_wconf 86' lang='lat' dir='ltr'>redit</span> <span class='ocrx_word' id='word_1_25' title='bbox 223 731 255 789; x_wconf 92' lang='lat' dir='ltr'>in</span> <span class='ocrx_word' id='word_1_26' title='bbox 276 731 424 810; x_wconf 62' lang='lat' dir='ltr'>medem,</span> <span class='ocrx_word' id='word_1_27' title='bbox 455 732 535 792; x_wconf 88' lang='lat' dir='ltr'>siout</span> <span class='ocrx_word' id='word_1_28' title='bbox 559 731 639 791; x_wconf 83' lang='lat' dir='ltr'>tilius</span> <span class='ocrx_word' id='word_1_29' title='bbox 660 729 807 809; x_wconf 78' lang='lat' dir='ltr'>prodigus</span> <span class='ocrx_word' id='word_1_30' title='bbox 830 746 899 789; x_wconf 87' lang='lat' dir='ltr'>cum</span> <span class='ocrx_word' id='word_1_31' title='bbox 923 727 1044 794; x_wconf 78' lang='lat' dir='ltr'>Christo</span> 
     </span>
     <span class='ocr_line' id='line_1_6' title="bbox 135 809 1046 893; baseline -0.002 -20"><span class='ocrx_word' id='word_1_32' title='bbox 135 820 213 892; x_wconf 83' lang='lat' dir='ltr'>petre</span> <span class='ocrx_word' id='word_1_33' title='bbox 232 830 311 885; x_wconf 83' lang='lat' dir='ltr'>suo,</span> <span class='ocrx_word' id='word_1_34' title='bbox 332 813 384 893; x_wconf 91' lang='lat' dir='ltr'>qui</span> <span class='ocrx_word' id='word_1_35' title='bbox 405 812 696 889; x_wconf 50' lang='lat' dir='ltr'>dieit⁸tz210mnie</span> <span class='ocrx_word' id='word_1_36' title='bbox 718 830 788 879; x_wconf 81' lang='lat' dir='ltr'>mee</span> <span class='ocrx_word' id='word_1_37' title='bbox 808 817 861 873; x_wconf 86' lang='lat' dir='ltr'>tus</span> <span class='ocrx_word' id='word_1_38' title='bbox 883 818 964 881; x_wconf 70' lang='lat' dir='ltr'>sust·</span> <span class='ocrx_word' id='word_1_39' title='bbox 1004 809 1046 871; x_wconf 78' lang='lat' dir='ltr'>Et</span> 
     </span>
    </p>
   </div>
   <div class='ocr_carea' id='block_1_3' title="bbox 135 892 1156 971">
    <p class='ocr_par' dir='ltr' id='par_1_3' title="bbox 135 892 1156 971">
     <span class='ocr_line' id='line_1_7' title="bbox 135 892 1156 971; baseline 0 -16"><span class='ocrx_word' id='word_1_40' title='bbox 135 892 237 955; x_wconf 77' lang='lat' dir='ltr'>hocine</span> <span class='ocrx_word' id='word_1_41' title='bbox 260 896 295 957; x_wconf 80' lang='lat'>9:</span> <span class='ocrx_word' id='word_1_42' title='bbox 330 894 481 971; x_wconf 72' lang='lat' dir='ltr'>Parvulos</span> <span class='ocrx_word' id='word_1_43' title='bbox 502 902 592 957; x_wconf 78' lang='lat' dir='ltr'>uehis</span> <span class='ocrx_word' id='word_1_44' title='bbox 614 904 661 958; x_wconf 85' lang='lat' dir='ltr'>est</span> <span class='ocrx_word' id='word_1_45' title='bbox 681 894 779 962; x_wconf 88' lang='lat' dir='ltr'>nohis.</span> <span class='ocrx_word' id='word_1_46' title='bbox 801 903 832 958; x_wconf 84' lang='lat' dir='ltr'>et</span> <span class='ocrx_word' id='word_1_47' title='bbox 853 892 932 955; x_wconf 81' lang='lat' dir='ltr'>illius</span> <span class='ocrx_word' id='word_1_48' title='bbox 954 893 1045 957; x_wconf 81' lang='lat' dir='ltr'>dotus</span> <span class='ocrx_word' id='word_1_49' title='bbox 1153 934 1156 945; x_wconf 42' lang='grc' dir='ltr'><strong><em>ι</em></strong></span> 
     </span>
    </p>
   </div>
   <div class='ocr_carea' id='block_1_4' title="bbox 131 964 1051 3463">
    <p class='ocr_par' dir='ltr' id='par_1_4' title="bbox 134 964 1043 1123">
     <span class='ocr_line' id='line_1_8' title="bbox 134 964 1043 1055; baseline 0.001 -19"><span class='ocrx_word' id='word_1_50' title='bbox 134 964 174 1037; x_wconf 69' lang='lat' dir='ltr'>est</span> <span class='ocrx_word' id='word_1_51' title='bbox 193 976 302 1055; x_wconf 79' lang='lat' dir='ltr'>nohis3</span> <span class='ocrx_word' id='word_1_52' title='bbox 323 978 479 1043; x_wconf 68' lang='lat' dir='ltr'>Rumori:</span> <span class='ocrx_word' id='word_1_53' title='bbox 501 978 666 1054; x_wconf 79' lang='lat' dir='ltr'>eromodo</span> <span class='ocrx_word' id='word_1_54' title='bbox 690 996 752 1039; x_wconf 88' lang='lat' dir='ltr'>unu</span> <span class='ocrx_word' id='word_1_55' title='bbox 773 978 877 1039; x_wconf 86' lang='lat' dir='ltr'>omnis</span> <span class='ocrx_word' id='word_1_56' title='bbox 899 995 969 1039; x_wconf 89' lang='lat' dir='ltr'>oum</span> <span class='ocrx_word' id='word_1_57' title='bbox 990 976 1043 1037; x_wconf 90' lang='lat' dir='ltr'>illo</span> 
     </span>
     <span class='ocr_line' id='line_1_9' title="bbox 134 1059 387 1123; baseline 0.004 -2"><span class='ocrx_word' id='word_1_58' title='bbox 134 1059 214 1121; x_wconf 89' lang='lat' dir='ltr'>nohis</span> <span class='ocrx_word' id='word_1_59' title='bbox 237 1060 387 1123; x_wconf 74' lang='lat' dir='ltr'>donavit?</span> 
     </span>
    </p>

    <p class='ocr_par' dir='ltr' id='par_1_5' title="bbox 131 1142 1045 1949">
     <span class='ocr_line' id='line_1_10' title="bbox 205 1142 1044 1223; baseline 0 -20"><span class='ocrx_word' id='word_1_60' title='bbox 205 1142 312 1211; x_wconf 80' lang='lat' dir='ltr'>Sexte.</span> <span class='ocrx_word' id='word_1_61' title='bbox 334 1144 472 1223; x_wconf 82' lang='lat' dir='ltr'>elioqnin</span> <span class='ocrx_word' id='word_1_62' title='bbox 487 1144 640 1206; x_wconf 77' lang='lat' dir='ltr'>feliciores</span> <span class='ocrx_word' id='word_1_63' title='bbox 658 1150 762 1209; x_wconf 79' lang='lat' dir='ltr'>essent</span> <span class='ocrx_word' id='word_1_64' title='bbox 778 1144 808 1205; x_wconf 90' lang='lat' dir='ltr'>in</span> <span class='ocrx_word' id='word_1_65' title='bbox 823 1142 955 1205; x_wconf 83' lang='lat' dir='ltr'>ecclesio</span> <span class='ocrx_word' id='word_1_66' title='bbox 971 1144 992 1203; x_wconf 90' lang='lat' dir='ltr'>ii</span> <span class='ocrx_word' id='word_1_67' title='bbox 1002 1142 1044 1218; x_wconf 78' lang='lat'>¹),</span> 
     </span>
     <span class='ocr_line' id='line_1_11' title="bbox 133 1224 1043 1309; baseline 0.004 -25"><span class='ocrx_word' id='word_1_68' title='bbox 133 1227 268 1305; x_wconf 84' lang='lat' dir='ltr'>quisunt</span> <span class='ocrx_word' id='word_1_69' title='bbox 289 1228 423 1307; x_wconf 86' lang='lat' dir='ltr'>peiores.</span> <span class='ocrx_word' id='word_1_70' title='bbox 453 1227 577 1289; x_wconf 71' lang='lat' dir='ltr'>Dictum</span> <span class='ocrx_word' id='word_1_71' title='bbox 598 1235 646 1289; x_wconf 90' lang='lat' dir='ltr'>est</span> <span class='ocrx_word' id='word_1_72' title='bbox 667 1226 758 1301; x_wconf 79' lang='lat' dir='ltr'>enim,</span> <span class='ocrx_word' id='word_1_73' title='bbox 780 1226 866 1309; x_wconf 82' lang='lat' dir='ltr'>quod</span> <span class='ocrx_word' id='word_1_74' title='bbox 886 1224 1043 1305; x_wconf 80' lang='lat' dir='ltr'>indulgen·</span> 
     </span>
     <span class='ocr_line' id='line_1_12' title="bbox 132 1307 1045 1389; baseline 0.001 -22"><span class='ocrx_word' id='word_1_75' title='bbox 132 1312 185 1370; x_wconf 82' lang='lat' dir='ltr'>tise</span> <span class='ocrx_word' id='word_1_76' title='bbox 205 1317 338 1388; x_wconf 85' lang='lat' dir='ltr'>prosunt</span> <span class='ocrx_word' id='word_1_77' title='bbox 358 1310 529 1372; x_wconf 90' lang='lat' dir='ltr'>criminosis</span> <span class='ocrx_word' id='word_1_78' title='bbox 558 1309 722 1389; x_wconf 71' lang='lat' dir='ltr'>moeses,</span> <span class='ocrx_word' id='word_1_79' title='bbox 753 1317 784 1369; x_wconf 90' lang='lat' dir='ltr'>et</span> <span class='ocrx_word' id='word_1_80' title='bbox 812 1308 888 1384; x_wconf 82' lang='lat' dir='ltr'>iis1)</span> <span class='ocrx_word' id='word_1_81' title='bbox 925 1307 1045 1369; x_wconf 83' lang='lat' dir='ltr'>debitur</span> 
     </span>
     <span class='ocr_line' id='line_1_13' title="bbox 132 1392 1043 1471; baseline -0.001 -20"><span class='ocrx_word' id='word_1_82' title='bbox 132 1393 284 1453; x_wconf 74' lang='lat' dir='ltr'><strong>thesaurus</strong></span> <span class='ocrx_word' id='word_1_83' title='bbox 308 1395 485 1454; x_wconf 87' lang='lat' dir='ltr'>meritorum</span> <span class='ocrx_word' id='word_1_84' title='bbox 507 1392 628 1457; x_wconf 83' lang='lat' dir='ltr'>Christi.</span> <span class='ocrx_word' id='word_1_85' title='bbox 661 1393 766 1455; x_wconf 84' lang='lat' dir='ltr'>Pueris</span> <span class='ocrx_word' id='word_1_86' title='bbox 787 1401 898 1470; x_wconf 76' lang='lat' dir='ltr'>eutem,</span> <span class='ocrx_word' id='word_1_87' title='bbox 920 1392 1043 1471; x_wconf 80' lang='lat' dir='ltr'>virgini·</span> 
     </span>
     <span class='ocr_line' id='line_1_14' title="bbox 132 1474 1043 1555; baseline 0.001 -21"><span class='ocrx_word' id='word_1_88' title='bbox 132 1474 180 1535; x_wconf 91' lang='lat' dir='ltr'>hus</span> <span class='ocrx_word' id='word_1_89' title='bbox 206 1493 244 1535; x_wconf 85' lang='lat' dir='ltr'>uc</span> <span class='ocrx_word' id='word_1_90' title='bbox 263 1476 480 1537; x_wconf 78' lang='lat' dir='ltr'>innocentibus</span> <span class='ocrx_word' id='word_1_91' title='bbox 507 1495 570 1537; x_wconf 90' lang='lat' dir='ltr'>non</span> <span class='ocrx_word' id='word_1_92' title='bbox 602 1474 738 1554; x_wconf 81' lang='lat' dir='ltr'>debitur,</span> <span class='ocrx_word' id='word_1_93' title='bbox 770 1475 880 1555; x_wconf 89' lang='lat' dir='ltr'>quihus</span> <span class='ocrx_word' id='word_1_94' title='bbox 910 1475 1043 1535; x_wconf 83' lang='lat' dir='ltr'>meximc</span> 
     </span>
     <span class='ocr_line' id='line_1_15' title="bbox 131 1556 1042 1637; baseline 0.004 -22"><span class='ocrx_word' id='word_1_95' title='bbox 131 1556 265 1634; x_wconf 84' lang='lat' dir='ltr'>debetur,</span> <span class='ocrx_word' id='word_1_96' title='bbox 299 1561 363 1619; x_wconf 92' lang='lat' dir='ltr'>imo</span> <span class='ocrx_word' id='word_1_97' title='bbox 391 1560 442 1637; x_wconf 92' lang='lat' dir='ltr'>qui</span> <span class='ocrx_word' id='word_1_98' title='bbox 469 1558 585 1619; x_wconf 85' lang='lat' dir='ltr'>hebent</span> <span class='ocrx_word' id='word_1_99' title='bbox 610 1578 681 1621; x_wconf 87' lang='lat' dir='ltr'>eum</span> <span class='ocrx_word' id='word_1_100' title='bbox 710 1558 778 1621; x_wconf 84' lang='lat' dir='ltr'>soli.</span> <span class='ocrx_word' id='word_1_101' title='bbox 821 1556 882 1621; x_wconf 78' lang='lat' dir='ltr'>Sed</span> <span class='ocrx_word' id='word_1_102' title='bbox 903 1556 932 1619; x_wconf 93' lang='lat' dir='ltr'>id</span> <span class='ocrx_word' id='word_1_103' title='bbox 955 1577 1042 1637; x_wconf 79' lang='lat' dir='ltr'>ergu-</span> 
     </span>
     <span class='ocr_line' id='line_1_16' title="bbox 131 1640 1042 1721; baseline -0.002 -20"><span class='ocrx_word' id='word_1_104' title='bbox 131 1648 258 1703; x_wconf 85' lang='lat' dir='ltr'>meutum</span> <span class='ocrx_word' id='word_1_105' title='bbox 282 1661 391 1721; x_wconf 83' lang='lat' dir='ltr'>purum</span> <span class='ocrx_word' id='word_1_106' title='bbox 414 1642 487 1703; x_wconf 81' lang='lat' dir='ltr'>fucit</span> <span class='ocrx_word' id='word_1_107' title='bbox 509 1640 591 1721; x_wconf 86' lang='lat' dir='ltr'>epud</span> <span class='ocrx_word' id='word_1_108' title='bbox 613 1660 679 1719; x_wconf 91' lang='lat' dir='ltr'>eos,</span> <span class='ocrx_word' id='word_1_109' title='bbox 701 1642 751 1721; x_wconf 90' lang='lat' dir='ltr'>qui</span> <span class='ocrx_word' id='word_1_110' title='bbox 775 1640 911 1718; x_wconf 86' lang='lat' dir='ltr'>credunt,</span> <span class='ocrx_word' id='word_1_111' title='bbox 935 1658 1042 1704; x_wconf 84' lang='lat' dir='ltr'>omnes</span> 
     </span>
     <span class='ocr_line' id='line_1_17' title="bbox 131 1719 1042 1805; baseline 0.003 -22"><span class='ocrx_word' id='word_1_112' title='bbox 131 1742 239 1802; x_wconf 84' lang='lat' dir='ltr'>poenas</span> <span class='ocrx_word' id='word_1_113' title='bbox 262 1724 341 1800; x_wconf 82' lang='lat' dir='ltr'>tolli,</span> <span class='ocrx_word' id='word_1_114' title='bbox 363 1743 420 1783; x_wconf 90' lang='lat' dir='ltr'>nec</span> <span class='ocrx_word' id='word_1_115' title='bbox 438 1742 534 1804; x_wconf 88' lang='lat' dir='ltr'>posse</span> <span class='ocrx_word' id='word_1_116' title='bbox 555 1719 759 1805; x_wconf 80' lang='lat' dir='ltr'>indulgentias</span> <span class='ocrx_word' id='word_1_117' title='bbox 783 1724 912 1785; x_wconf 88' lang='lat' dir='ltr'>conferri</span> <span class='ocrx_word' id='word_1_118' title='bbox 934 1741 1042 1804; x_wconf 82' lang='lat' dir='ltr'>penos·</span> 
     </span>
     <span class='ocr_line' id='line_1_18' title="bbox 131 1805 1041 1888; baseline 0.002 -23"><span class='ocrx_word' id='word_1_119' title='bbox 131 1805 237 1867; x_wconf 92' lang='lat' dir='ltr'>toribus</span> <span class='ocrx_word' id='word_1_120' title='bbox 259 1808 330 1867; x_wconf 91' lang='lat' dir='ltr'>sine</span> <span class='ocrx_word' id='word_1_121' title='bbox 352 1810 545 1882; x_wconf 73' lang='lat' dir='ltr'>contritione,</span> <span class='ocrx_word' id='word_1_122' title='bbox 566 1808 649 1887; x_wconf 86' lang='lat' dir='ltr'>quod</span> <span class='ocrx_word' id='word_1_123' title='bbox 671 1826 731 1888; x_wconf 78' lang='lat' dir='ltr'>ego</span> <span class='ocrx_word' id='word_1_124' title='bbox 754 1826 815 1871; x_wconf 91' lang='lat' dir='ltr'>uun</span> <span class='ocrx_word' id='word_1_125' title='bbox 837 1806 941 1869; x_wconf 89' lang='lat' dir='ltr'>oredo.</span> <span class='ocrx_word' id='word_1_126' title='bbox 977 1806 1041 1868; x_wconf 85' lang='lat' dir='ltr'>lem</span> 
     </span>
     <span class='ocr_line' id='line_1_19' title="bbox 131 1890 235 1949; baseline 0 0"><span class='ocrx_word' id='word_1_127' title='bbox 131 1890 235 1949; x_wconf 86' lang='lat' dir='ltr'>csuse²</span> 
     </span>
    </p>

    <p class='ocr_par' dir='ltr' id='par_1_6' title="bbox 131 1893 1051 3463">
     <span class='ocr_line' id='line_1_20' title="bbox 203 1893 1043 2053; baseline 0 -20"><span class='ocrx_word' id='word_1_128' title='bbox 203 1893 336 2045; x_wconf 76' lang='lat' dir='ltr'>Ullime‚</span> <span class='ocrx_word' id='word_1_129' title='bbox 363 1992 455 2052; x_wconf 83' lang='lat' dir='ltr'>quem</span> <span class='ocrx_word' id='word_1_130' title='bbox 487 1992 591 2035; x_wconf 88' lang='lat' dir='ltr'>secum</span> <span class='ocrx_word' id='word_1_131' title='bbox 619 1974 677 2034; x_wconf 84' lang='lat' dir='ltr'>lert</span> <span class='ocrx_word' id='word_1_132' title='bbox 704 1974 771 2053; x_wconf 88' lang='lat' dir='ltr'>ipse</span> <span class='ocrx_word' id='word_1_133' title='bbox 795 1972 952 2035; x_wconf 81' lang='lat' dir='ltr'>conclusio</span> <span class='ocrx_word' id='word_1_134' title='bbox 974 1992 1043 2053; x_wconf 87' lang='lat' dir='ltr'>pro·</span> 
     </span>
     <span class='ocr_line' id='line_1_21' title="bbox 132 2053 1041 2135; baseline 0.002 -22"><span class='ocrx_word' id='word_1_135' title='bbox 132 2053 288 2125; x_wconf 76' lang='lat' dir='ltr'>hudonem,</span> <span class='ocrx_word' id='word_1_136' title='bbox 313 2055 429 2116; x_wconf 86' lang='lat' dir='ltr'>scilicet</span> <span class='ocrx_word' id='word_1_137' title='bbox 450 2055 532 2135; x_wconf 91' lang='lat' dir='ltr'>quod</span> <span class='ocrx_word' id='word_1_138' title='bbox 555 2058 663 2118; x_wconf 80' lang='lat' dir='ltr'>murita</span> <span class='ocrx_word' id='word_1_139' title='bbox 681 2056 791 2119; x_wconf 88' lang='lat' dir='ltr'>Christi</span> <span class='ocrx_word' id='word_1_140' title='bbox 814 2062 845 2115; x_wconf 87' lang='lat' dir='ltr'>et</span> <span class='ocrx_word' id='word_1_141' title='bbox 866 2062 1041 2117; x_wconf 82' lang='lat' dir='ltr'>secutorum</span> 
     </span>
     <span class='ocr_line' id='line_1_22' title="bbox 131 2138 1044 2221; baseline 0.002 -24"><span class='ocrx_word' id='word_1_142' title='bbox 131 2138 187 2198; x_wconf 85' lang='lat' dir='ltr'>eius</span> <span class='ocrx_word' id='word_1_143' title='bbox 206 2138 274 2200; x_wconf 87' lang='lat' dir='ltr'>sine</span> <span class='ocrx_word' id='word_1_144' title='bbox 297 2159 381 2219; x_wconf 83' lang='lat' dir='ltr'>pepo</span> <span class='ocrx_word' id='word_1_145' title='bbox 402 2147 566 2220; x_wconf 82' lang='lat' dir='ltr'>operentur</span> <span class='ocrx_word' id='word_1_146' title='bbox 586 2160 664 2221; x_wconf 91' lang='lat' dir='ltr'>opus</span> <span class='ocrx_word' id='word_1_147' title='bbox 679 2160 766 2202; x_wconf 86' lang='lat' dir='ltr'>sunm</span> <span class='ocrx_word' id='word_1_148' title='bbox 781 2138 905 2220; x_wconf 86' lang='lat' dir='ltr'>duplex,</span> <span class='ocrx_word' id='word_1_149' title='bbox 927 2138 1044 2200; x_wconf 87' lang='lat' dir='ltr'>seilicet</span> 
     </span>
     <span class='ocr_line' id='line_1_23' title="bbox 131 2222 1051 2303; baseline 0 -22"><span class='ocrx_word' id='word_1_150' title='bbox 131 2224 279 2301; x_wconf 89' lang='lat' dir='ltr'>proprium</span> <span class='ocrx_word' id='word_1_151' title='bbox 310 2222 503 2284; x_wconf 78' lang='lat' dir='ltr'>stelionum.</span> <span class='ocrx_word' id='word_1_152' title='bbox 546 2223 724 2303; x_wconf 77' lang='lat' dir='ltr'>Proprium,</span> <span class='ocrx_word' id='word_1_153' title='bbox 754 2223 785 2284; x_wconf 93' lang='lat' dir='ltr'>id</span> <span class='ocrx_word' id='word_1_154' title='bbox 813 2229 876 2296; x_wconf 77' lang='lat' dir='ltr'>ost,</span> <span class='ocrx_word' id='word_1_155' title='bbox 903 2223 1051 2302; x_wconf 65' lang='lat' dir='ltr'>gretiam.</span> 
     </span>
     <span class='ocr_line' id='line_1_24' title="bbox 131 2306 1043 2386; baseline 0.003 -23"><span class='ocrx_word' id='word_1_156' title='bbox 131 2306 279 2386; x_wconf 80' lang='lat' dir='ltr'>iustitiam,</span> <span class='ocrx_word' id='word_1_157' title='bbox 303 2306 472 2382; x_wconf 65' lang='lat' dir='ltr'>veritatem,</span> <span class='ocrx_word' id='word_1_158' title='bbox 492 2307 681 2386; x_wconf 81' lang='lat' dir='ltr'>potientium,</span> <span class='ocrx_word' id='word_1_159' title='bbox 703 2307 861 2368; x_wconf 85' lang='lat' dir='ltr'>mititstem</span> <span class='ocrx_word' id='word_1_160' title='bbox 884 2307 913 2386; x_wconf 85' lang='lat' dir='ltr'>in</span> <span class='ocrx_word' id='word_1_161' title='bbox 936 2306 1043 2386; x_wconf 90' lang='lat' dir='ltr'>spiritu</span> 
     </span>
     <span class='ocr_line' id='line_1_25' title="bbox 132 2387 1050 2467; baseline 0.003 -22"><span class='ocrx_word' id='word_1_162' title='bbox 132 2387 252 2448; x_wconf 90' lang='lat' dir='ltr'>hominis</span> <span class='ocrx_word' id='word_1_163' title='bbox 275 2388 379 2467; x_wconf 82' lang='lat' dir='ltr'>electi,</span> <span class='ocrx_word' id='word_1_164' title='bbox 400 2389 472 2467; x_wconf 85' lang='lat' dir='ltr'>quin</span> <span class='ocrx_word' id='word_1_165' title='bbox 492 2389 607 2450; x_wconf 84' lang='lat' dir='ltr'>iustitie</span> <span class='ocrx_word' id='word_1_166' title='bbox 628 2389 740 2450; x_wconf 78' lang='lat' dir='ltr'>Christi</span> <span class='ocrx_word' id='word_1_167' title='bbox 762 2396 793 2450; x_wconf 86' lang='lat' dir='ltr'>et</span> <span class='ocrx_word' id='word_1_168' title='bbox 815 2389 953 2450; x_wconf 86' lang='lat' dir='ltr'>meritum</span> <span class='ocrx_word' id='word_1_169' title='bbox 977 2390 1050 2463; x_wconf 62' lang='lat' dir='ltr'>eius¹</span> 
     </span>
     <span class='ocr_line' id='line_1_26' title="bbox 132 2469 1042 2552; baseline 0.003 -24"><span class='ocrx_word' id='word_1_170' title='bbox 132 2469 267 2532; x_wconf 82' lang='lat' dir='ltr'>instillent</span> <span class='ocrx_word' id='word_1_171' title='bbox 288 2476 320 2531; x_wconf 91' lang='lat' dir='ltr'>et</span> <span class='ocrx_word' id='word_1_172' title='bbox 339 2473 465 2535; x_wconf 87' lang='lat' dir='ltr'>remittit</span> <span class='ocrx_word' id='word_1_173' title='bbox 483 2482 623 2552; x_wconf 82' lang='lat' dir='ltr'>peoosts,</span> <span class='ocrx_word' id='word_1_174' title='bbox 644 2473 723 2534; x_wconf 92' lang='lat' dir='ltr'>sicut</span> <span class='ocrx_word' id='word_1_175' title='bbox 745 2471 895 2535; x_wconf 83' lang='lat' dir='ltr'>iohannes</span> <span class='ocrx_word' id='word_1_176' title='bbox 917 2471 1042 2548; x_wconf 74' lang='lat' dir='ltr'>sit*⁸):</span> 
     </span>
     <span class='ocr_line' id='line_1_27' title="bbox 133 2551 1044 2635; baseline 0.003 -22"><span class='ocrx_word' id='word_1_177' title='bbox 133 2551 205 2612; x_wconf 73' lang='lat' dir='ltr'>nese</span> <span class='ocrx_word' id='word_1_178' title='bbox 227 2573 329 2634; x_wconf 80' lang='lat' dir='ltr'>agnus</span> <span class='ocrx_word' id='word_1_179' title='bbox 350 2553 423 2632; x_wconf 89' lang='lat' dir='ltr'>Dei,</span> <span class='ocrx_word' id='word_1_180' title='bbox 445 2573 519 2616; x_wconf 88' lang='lat' dir='ltr'>ecce</span> <span class='ocrx_word' id='word_1_181' title='bbox 541 2557 593 2634; x_wconf 86' lang='lat' dir='ltr'>qui</span> <span class='ocrx_word' id='word_1_182' title='bbox 614 2555 694 2618; x_wconf 89' lang='lat' dir='ltr'>tollit</span> <span class='ocrx_word' id='word_1_183' title='bbox 714 2562 842 2635; x_wconf 84' lang='lat' dir='ltr'>peccsts</span> <span class='ocrx_word' id='word_1_184' title='bbox 865 2553 984 2631; x_wconf 83' lang='lat' dir='ltr'>mundi,</span> <span class='ocrx_word' id='word_1_185' title='bbox 1011 2559 1044 2616; x_wconf 87' lang='lat' dir='ltr'>et</span> 
     </span>
     <span class='ocr_line' id='line_1_28' title="bbox 133 2635 1044 2718; baseline 0.002 -22"><span class='ocrx_word' id='word_1_186' title='bbox 133 2635 196 2698; x_wconf 74' lang='lat' dir='ltr'>lise</span> <span class='ocrx_word' id='word_1_187' title='bbox 216 2636 274 2700; x_wconf 77' lang='lat'>43:</span> <span class='ocrx_word' id='word_1_188' title='bbox 305 2637 426 2698; x_wconf 75' lang='lat' dir='ltr'>servire</span> <span class='ocrx_word' id='word_1_189' title='bbox 447 2657 496 2698; x_wconf 92' lang='lat' dir='ltr'>me</span> <span class='ocrx_word' id='word_1_190' title='bbox 516 2636 615 2703; x_wconf 83' lang='lat' dir='ltr'>iecisti</span> <span class='ocrx_word' id='word_1_191' title='bbox 635 2639 668 2698; x_wconf 91' lang='lat' dir='ltr'>iu</span> <span class='ocrx_word' id='word_1_192' title='bbox 689 2637 898 2718; x_wconf 81' lang='lat' dir='ltr'>iniquitatibus</span> <span class='ocrx_word' id='word_1_193' title='bbox 921 2639 990 2716; x_wconf 90' lang='lat' dir='ltr'>tuis,</span> <span class='ocrx_word' id='word_1_194' title='bbox 1012 2645 1044 2700; x_wconf 88' lang='lat' dir='ltr'>et</span> 
     </span>
     <span class='ocr_line' id='line_1_29' title="bbox 133 2717 1042 2805; baseline 0.006 -28"><span class='ocrx_word' id='word_1_195' title='bbox 133 2717 260 2780; x_wconf 85' lang='lat' dir='ltr'>lshorem</span> <span class='ocrx_word' id='word_1_196' title='bbox 283 2719 449 2800; x_wconf 76' lang='lat' dir='ltr'>praebuisti</span> <span class='ocrx_word' id='word_1_197' title='bbox 466 2719 539 2780; x_wconf 92' lang='lat' dir='ltr'>mihi</span> <span class='ocrx_word' id='word_1_198' title='bbox 551 2721 582 2782; x_wconf 92' lang='lat' dir='ltr'>in</span> <span class='ocrx_word' id='word_1_199' title='bbox 600 2723 735 2805; x_wconf 80' lang='lat' dir='ltr'>peccetis</span> <span class='ocrx_word' id='word_1_200' title='bbox 753 2721 824 2782; x_wconf 90' lang='lat' dir='ltr'>tuis:</span> <span class='ocrx_word' id='word_1_201' title='bbox 848 2739 907 2801; x_wconf 80' lang='lat' dir='ltr'>ego</span> <span class='ocrx_word' id='word_1_202' title='bbox 922 2720 1042 2798; x_wconf 79' lang='lat' dir='ltr'>sum²)‚</span> 
     </span>
     <span class='ocr_line' id='line_1_30' title="bbox 134 2801 1042 2884; baseline 0.002 -22"><span class='ocrx_word' id='word_1_203' title='bbox 134 2801 177 2879; x_wconf 90' lang='lat' dir='ltr'>qni</span> <span class='ocrx_word' id='word_1_204' title='bbox 204 2802 295 2867; x_wconf 89' lang='lat' dir='ltr'>deleo</span> <span class='ocrx_word' id='word_1_205' title='bbox 323 2803 497 2882; x_wconf 81' lang='lat' dir='ltr'>iniquitates</span> <span class='ocrx_word' id='word_1_206' title='bbox 524 2812 610 2882; x_wconf 80' lang='lat' dir='ltr'>tues,</span> <span class='ocrx_word' id='word_1_207' title='bbox 638 2810 669 2864; x_wconf 87' lang='lat' dir='ltr'>et</span> <span class='ocrx_word' id='word_1_208' title='bbox 696 2813 892 2884; x_wconf 72' lang='lat' dir='ltr'>peccatorum</span> <span class='ocrx_word' id='word_1_209' title='bbox 921 2811 1042 2866; x_wconf 88' lang='lat' dir='ltr'>tuorum</span> 
     </span>
     <span class='ocr_line' id='line_1_31' title="bbox 134 2883 1041 2968; baseline 0.006 -25"><span class='ocrx_word' id='word_1_210' title='bbox 134 2902 187 2944; x_wconf 92' lang='lat' dir='ltr'>non</span> <span class='ocrx_word' id='word_1_211' title='bbox 207 2883 406 2947; x_wconf 78' lang='lat' dir='ltr'>recordabor.</span> <span class='ocrx_word' id='word_1_212' title='bbox 433 2885 523 2948; x_wconf 86' lang='lat' dir='ltr'>Delet</span> <span class='ocrx_word' id='word_1_213' title='bbox 543 2895 645 2948; x_wconf 87' lang='lat' dir='ltr'>sutem</span> <span class='ocrx_word' id='word_1_214' title='bbox 669 2889 776 2948; x_wconf 89' lang='lat' dir='ltr'>merito</span> <span class='ocrx_word' id='word_1_215' title='bbox 789 2905 864 2948; x_wconf 83' lang='lat' dir='ltr'>sune</span> <span class='ocrx_word' id='word_1_216' title='bbox 878 2887 1041 2968; x_wconf 83' lang='lat' dir='ltr'>pensionis.</span> 
     </span>
     <span class='ocr_line' id='line_1_32' title="bbox 134 2966 1042 3049; baseline 0.004 -23"><span class='ocrx_word' id='word_1_217' title='bbox 134 2966 168 3026; x_wconf 77' lang='lat' dir='ltr'>Et</span> <span class='ocrx_word' id='word_1_218' title='bbox 184 2969 244 3030; x_wconf 90' lang='lat' dir='ltr'>isto</span> <span class='ocrx_word' id='word_1_219' title='bbox 266 2967 360 3030; x_wconf 91' lang='lat' dir='ltr'>modo</span> <span class='ocrx_word' id='word_1_220' title='bbox 382 2967 594 3046; x_wconf 84' lang='lat' dir='ltr'>concederem,</span> <span class='ocrx_word' id='word_1_221' title='bbox 615 2969 699 3049; x_wconf 90' lang='lat' dir='ltr'>quod</span> <span class='ocrx_word' id='word_1_222' title='bbox 720 2971 828 3032; x_wconf 79' lang='lat' dir='ltr'>merite</span> <span class='ocrx_word' id='word_1_223' title='bbox 850 2969 960 3036; x_wconf 75' lang='lat' dir='ltr'>Christi</span> <span class='ocrx_word' id='word_1_224' title='bbox 981 2969 1042 3046; x_wconf 79' lang='lat' dir='ltr'>sint</span> 
     </span>
     <span class='ocr_line' id='line_1_33' title="bbox 135 3049 1041 3132; baseline 0.002 -22"><span class='ocrx_word' id='word_1_225' title='bbox 135 3049 249 3128; x_wconf 80' lang='lat' dir='ltr'>quidem</span> <span class='ocrx_word' id='word_1_226' title='bbox 271 3052 441 3128; x_wconf 77' lang='lat' dir='ltr'>thesaurus,</span> <span class='ocrx_word' id='word_1_227' title='bbox 462 3070 525 3114; x_wconf 91' lang='lat' dir='ltr'>non</span> <span class='ocrx_word' id='word_1_228' title='bbox 541 3053 701 3130; x_wconf 83' lang='lat' dir='ltr'>ecclesise,</span> <span class='ocrx_word' id='word_1_229' title='bbox 722 3052 776 3114; x_wconf 89' lang='lat' dir='ltr'>sed</span> <span class='ocrx_word' id='word_1_230' title='bbox 789 3053 846 3115; x_wconf 88' lang='lat' dir='ltr'>Dei</span> <span class='ocrx_word' id='word_1_231' title='bbox 864 3053 968 3132; x_wconf 81' lang='lat' dir='ltr'>petris,</span> <span class='ocrx_word' id='word_1_232' title='bbox 990 3053 1041 3132; x_wconf 89' lang='lat' dir='ltr'>qui</span> 
     </span>
     <span class='ocr_line' id='line_1_34' title="bbox 135 3133 1042 3216; baseline 0.007 -26"><span class='ocrx_word' id='word_1_233' title='bbox 135 3133 213 3194; x_wconf 93' lang='lat' dir='ltr'>nohis</span> <span class='ocrx_word' id='word_1_234' title='bbox 239 3154 296 3215; x_wconf 88' lang='lat' dir='ltr'>per</span> <span class='ocrx_word' id='word_1_235' title='bbox 323 3135 499 3215; x_wconf 69' lang='lat' dir='ltr'>suffragium</span> <span class='ocrx_word' id='word_1_236' title='bbox 528 3134 640 3196; x_wconf 84' lang='lat' dir='ltr'>eliloex</span> <span class='ocrx_word' id='word_1_237' title='bbox 669 3135 750 3216; x_wconf 91' lang='lat' dir='ltr'>spud</span> <span class='ocrx_word' id='word_1_238' title='bbox 772 3135 870 3196; x_wconf 90' lang='lat' dir='ltr'>Deum</span> <span class='ocrx_word' id='word_1_239' title='bbox 899 3136 1042 3216; x_wconf 80' lang='lat' dir='ltr'>impetret</span> 
     </span>
     <span class='ocr_line' id='line_1_35' title="bbox 136 3217 1040 3299; baseline 0.003 -25"><span class='ocrx_word' id='word_1_240' title='bbox 136 3218 337 3278; x_wconf 89' lang='lat' dir='ltr'>remissionem</span> <span class='ocrx_word' id='word_1_241' title='bbox 359 3217 478 3298; x_wconf 85' lang='lat' dir='ltr'>culpse.</span> <span class='ocrx_word' id='word_1_242' title='bbox 520 3218 571 3280; x_wconf 79' lang='lat' dir='ltr'>Sic</span> <span class='ocrx_word' id='word_1_243' title='bbox 593 3219 666 3280; x_wconf 89' lang='lat' dir='ltr'>dicit</span> <span class='ocrx_word' id='word_1_244' title='bbox 692 3219 723 3283; x_wconf 93' lang='lat' dir='ltr'>in</span> <span class='ocrx_word' id='word_1_245' title='bbox 744 3218 799 3280; x_wconf 91' lang='lat' dir='ltr'>lob</span> <span class='ocrx_word' id='word_1_246' title='bbox 821 3238 876 3299; x_wconf 88' lang='lat' dir='ltr'>per</span> <span class='ocrx_word' id='word_1_247' title='bbox 896 3217 1040 3299; x_wconf 78' lang='lat' dir='ltr'>figurem:</span> 
     </span>
     <span class='ocr_line' id='line_1_36' title="bbox 137 3297 1039 3382; baseline 0.003 -25"><span class='ocrx_word' id='word_1_248' title='bbox 137 3297 247 3359; x_wconf 76' lang='lat' dir='ltr'>Faciem</span> <span class='ocrx_word' id='word_1_249' title='bbox 276 3301 342 3360; x_wconf 91' lang='lat' dir='ltr'>eius</span> <span class='ocrx_word' id='word_1_250' title='bbox 372 3302 548 3381; x_wconf 81' lang='lat' dir='ltr'>suscipiam.</span> <span class='ocrx_word' id='word_1_251' title='bbox 590 3301 630 3362; x_wconf 73' lang='lat' dir='ltr'>Bt</span> <span class='ocrx_word' id='word_1_252' title='bbox 661 3301 820 3382; x_wconf 86' lang='lat' dir='ltr'>spostolus</span> <span class='ocrx_word' id='word_1_253' title='bbox 852 3299 962 3363; x_wconf 83' lang='lat' dir='ltr'>Ebrse.</span> <span class='ocrx_word' id='word_1_254' title='bbox 987 3302 1039 3364; x_wconf 87' lang='lat'>12:</span> 
     </span>
     <span class='ocr_line' id='line_1_37' title="bbox 137 3379 1040 3463; baseline 0.001 -21"><span class='ocrx_word' id='word_1_255' title='bbox 137 3379 312 3462; x_wconf 75' lang='lat' dir='ltr'>hunguinem</span> <span class='ocrx_word' id='word_1_256' title='bbox 327 3381 437 3445; x_wconf 81' lang='lat' dir='ltr'>Christi</span> <span class='ocrx_word' id='word_1_257' title='bbox 458 3383 566 3446; x_wconf 89' lang='lat' dir='ltr'>melius</span> <span class='ocrx_word' id='word_1_258' title='bbox 587 3384 782 3463; x_wconf 80' lang='lat' dir='ltr'>clementem,</span> <span class='ocrx_word' id='word_1_259' title='bbox 804 3403 895 3462; x_wconf 86' lang='lat' dir='ltr'>quem</span> <span class='ocrx_word' id='word_1_260' title='bbox 907 3381 1040 3460; x_wconf 66' lang='lat' dir='ltr'>nteit),</span> 
     </span>
    </p>
   </div>
   <div class='ocr_carea' id='block_1_5' title="bbox 139 3464 1157 3546">
    <p class='ocr_par' dir='ltr' id='par_1_7' title="bbox 139 3464 1157 3546">
     <span class='ocr_line' id='line_1_38' title="bbox 139 3464 1157 3546; baseline 0.003 -22"><span class='ocrx_word' id='word_1_261' title='bbox 139 3465 201 3543; x_wconf 86' lang='lat' dir='ltr'>quie</span> <span class='ocrx_word' id='word_1_262' title='bbox 225 3467 351 3546; x_wconf 79' lang='lat' dir='ltr'>sanguis</span> <span class='ocrx_word' id='word_1_263' title='bbox 379 3464 498 3545; x_wconf 62' lang='lat' dir='ltr'>obed)</span> <span class='ocrx_word' id='word_1_264' title='bbox 529 3466 692 3529; x_wconf 83' lang='lat' dir='ltr'>vindictum</span> <span class='ocrx_word' id='word_1_265' title='bbox 726 3475 756 3531; x_wconf 86' lang='lat' dir='ltr'>et</span> <span class='ocrx_word' id='word_1_266' title='bbox 793 3467 870 3528; x_wconf 85' lang='lat' dir='ltr'>irem</span> <span class='ocrx_word' id='word_1_267' title='bbox 895 3465 1041 3546; x_wconf 81' lang='lat' dir='ltr'>postulet,</span> <span class='ocrx_word' id='word_1_268' title='bbox 1154 3518 1157 3527; x_wconf 95' lang='lat'>.</span> 
     </span>
    </p>
   </div>
   <div class='ocr_carea' id='block_1_6' title="bbox 140 3658 1040 3876">
    <p class='ocr_par' dir='ltr' id='par_1_8' title="bbox 140 3658 1040 3876">
     <span class='ocr_line' id='line_1_39' title="bbox 201 3658 1040 3727; baseline -0.001 -12"><span class='ocrx_word' id='word_1_269' title='bbox 201 3664 227 3727; x_wconf 89' lang='grc'>1)</span> <span class='ocrx_word' id='word_1_270' title='bbox 245 3662 314 3717; x_wconf 87' lang='lat' dir='ltr'>Ibid.</span> <span class='ocrx_word' id='word_1_271' title='bbox 327 3663 353 3717; x_wconf 87' lang='lat' dir='ltr'>le</span> <span class='ocrx_word' id='word_1_272' title='bbox 375 3666 442 3718; x_wconf 76' lang='lat' dir='ltr'>&#39;turt</span> <span class='ocrx_word' id='word_1_273' title='bbox 460 3665 497 3717; x_wconf 88' lang='lat' dir='ltr'>hi.</span> <span class='ocrx_word' id='word_1_274' title='bbox 517 3663 569 3716; x_wconf 89' lang='lat' dir='ltr'>his.</span> <span class='ocrx_word' id='word_1_275' title='bbox 605 3664 635 3723; x_wconf 77' lang='lat'>2)</span> <span class='ocrx_word' id='word_1_276' title='bbox 650 3661 718 3716; x_wconf 85' lang='lat' dir='ltr'>lhid.</span> <span class='ocrx_word' id='word_1_277' title='bbox 737 3661 836 3715; x_wconf 79' lang='lat' dir='ltr'>desum</span> <span class='ocrx_word' id='word_1_278' title='bbox 853 3661 951 3714; x_wconf 81' lang='lat' dir='ltr'>verbs:</span> <span class='ocrx_word' id='word_1_279' title='bbox 969 3658 1040 3714; x_wconf 75' lang='lat' dir='ltr'>loml</span> 
     </span>
     <span class='ocr_line' id='line_1_40' title="bbox 140 3730 1039 3841; baseline -0.004 -50"><span class='ocrx_word' id='word_1_280' title='bbox 140 3747 220 3836; x_wconf 54' lang='lat' dir='ltr'>Q</span> <span class='ocrx_word' id='word_1_281' title='bbox 254 3735 285 3797; x_wconf 83' lang='grc'>3)</span> <span class='ocrx_word' id='word_1_282' title='bbox 304 3733 346 3790; x_wconf 82' lang='lat' dir='ltr'>lui</span> <span class='ocrx_word' id='word_1_283' title='bbox 366 3774 374 3790; x_wconf 89' lang='lat'><strong>.</strong></span> <span class='ocrx_word' id='word_1_284' title='bbox 393 3736 505 3841; x_wconf 49' lang='lat' dir='ltr'>iegitur:</span> <span class='ocrx_word' id='word_1_285' title='bbox 525 3749 588 3804; x_wconf 76' lang='lat' dir='ltr'>ego,</span> <span class='ocrx_word' id='word_1_286' title='bbox 608 3748 662 3804; x_wconf 75' lang='lat' dir='ltr'>ego</span> <span class='ocrx_word' id='word_1_287' title='bbox 680 3749 750 3787; x_wconf 86' lang='lat' dir='ltr'>snm.</span> <span class='ocrx_word' id='word_1_288' title='bbox 786 3731 818 3798; x_wconf 79' lang='lat' dir='ltr'>d)</span> <span class='ocrx_word' id='word_1_289' title='bbox 840 3730 924 3786; x_wconf 76' lang='lat' dir='ltr'>Ibin:</span> <span class='ocrx_word' id='word_1_290' title='bbox 942 3731 1039 3788; x_wconf 81' lang='lat' dir='ltr'>Hehel.</span> 
     </span>
     <span class='ocr_line' id='line_1_41' title="bbox 217 3803 628 3876; baseline 0.002 -18"><span class='ocrx_word' id='word_1_291' title='bbox 217 3803 314 3876; x_wconf 68' lang='lat' dir='ltr'>Jan</span> <span class='ocrx_word' id='word_1_292' title='bbox 335 3807 378 3864; x_wconf 79' lang='lat' dir='ltr'>lh.</span> <span class='ocrx_word' id='word_1_293' title='bbox 451 3803 581 3876; x_wconf 85' lang='lat' dir='ltr'>)Iolrsn.</span> <span class='ocrx_word' id='word_1_294' title='bbox 602 3804 628 3859; x_wconf 89' lang='lat'>1.</span> 
     </span>
    </p>
   </div>
   <div class='ocr_carea' id='block_1_7' title="bbox 0 0 1304 4300">
    <p class='ocr_par' dir='ltr' id='par_1_9' title="bbox 0 0 1304 4300">
     <span class='ocr_line' id='line_1_42' title="bbox 0 0 1304 4300; baseline 0 0"><span class='ocrx_word' id='word_1_295' title='bbox 0 0 1304 4300; x_wconf 95' lang='lat' dir='ltr'> </span> 
     </span>
    </p>
   </div>
  </div>
 </body>
</html>
