2600 4300
271 285 292 308 ’
373 333 402 392 r.
421 333 488 390 sus.
506 334 591 390 reu.
608 331 645 388 su
663 333 693 388 n.
714 331 746 388 ι.
765 331 843 388 nau.
909 326 917 344 ⁸
1025 325 1067 396 93

222 503 304 586 (lap.
338 509 386 571 lb.
415 504 498 586 quod
509 509 547 581 b)
583 507 614 566 iu
647 505 860 566 ecclesiastica
896 501 1068 564 hierarchia

150 607 290 650 mmanue
311 588 437 650 Praesul
458 590 498 649 sit
518 608 655 649 summus
683 588 863 664 hierarcha,
901 585 996 647 iudex
1025 587 1068 646 in·

150 669 278 733 lallibilia
301 673 455 750 veritatis,
483 681 591 732 coutm
612 671 836 750 adversarium,
870 671 921 750 qui
953 669 985 730 in
1006 669 1067 732 boc

151 754 233 816 valde
254 753 379 816 aberrat
399 761 432 815 et
451 753 636 834 obloquitur,
659 761 692 814 ut
712 755 743 815 in
766 755 830 814 eius
853 751 930 813 libro
951 757 1046 834 patet

224 837 267 898 Et
286 836 330 898 ibi
353 841 382 900 1.
404 835 478 916 quid
498 838 539 898 sit
557 836 714 918 Papamc)
738 855 832 917 agere
855 843 887 896 ut
908 843 956 897 est
972 833 1066 916 Papa,

150 927 176 981 et
193 919 356 999 quomodo
376 937 485 981 omues
506 922 718 1000 expositiones
740 919 923 982 Sanctorum
944 925 976 979 et
988 917 1068 978 Doc-

150 1012 242 1064 tomm
266 1004 351 1064 circa
371 1003 432 1064 boc
452 1003 638 1064 reducuntur
658 1005 689 1063 iu
721 1022 830 1081 uuam,
865 1009 895 1062 et
923 1019 1004 1082 quae
1029 1001 1069 1062 eit

150 1087 282 1147 omnium
305 1087 485 1166 opinionum
508 1085 613 1164 radix,
634 1093 799 1166 quaeest,
826 1091 858 1146 ut
883 1083 970 1166 Papa
995 1092 1069 1164 agat

151 1177 179 1230 ut
196 1169 301 1250 Papa,
334 1168 383 1229 vel
404 1175 517 1250 caput,
543 1170 569 1230 si
592 1177 694 1230 utatur
715 1169 830 1230 auxilio
853 1167 1068 1245 membrorum,

150 1258 177 1312 ct
193 1251 290 1312 iaciat
311 1252 394 1314 hona
414 1249 486 1330 ilde,
507 1250 590 1330 quod
610 1253 642 1312 iu
665 1269 700 1312 se
720 1260 776 1329 est,
799 1258 832 1312 ut
852 1250 1003 1332 intelligat
1018 1268 1067 1312 ve-

150 1336 277 1412 ritatem,
300 1352 390 1394 secus
413 1333 464 1396 ubi
485 1334 639 1396 molitione
661 1335 851 1416 procederet.
1077 1333 1081 1346 ‘

225 1417 268 1478 Iu
289 1418 319 1480 2.
342 1417 425 1496 quod
446 1417 580 1478 ecclesia
599 1418 780 1480 universalis
808 1415 1002 1478 decernendo
1030 1417 1068 1476 de

151 1499 206 1560 lide
228 1509 260 1559 et
283 1497 418 1560 muribus
438 1519 540 1561 errare
562 1501 678 1579 nequit.

227 1582 269 1642 lut
290 1584 319 1646 3.
342 1581 425 1666 quod
447 1581 547 1664 Papa,
576 1584 634 1643 etei
666 1585 697 1644 iu
726 1591 872 1664 quantum
905 1581 1068 1662 singularis

150 1683 280 1745 persona
301 1673 405 1746 potest
425 1664 507 1726 male
528 1667 648 1746 operari
671 1665 739 1748 et¹)
764 1666 844 1727 male
866 1665 1004 1744 credere,
1027 1672 1069 1726 ta·

152 1767 215 1808 men
236 1766 302 1808 non
346 1754 428 1808 otest
449 1747 528 1808 male
550 1749 702 1826 decidere,
722 1757 756 1810 ut
777 1750 870 1830 Papo.
909 1749 949 1810 Et
964 1745 1066 1826 houd)

152 1830 294 1912 probetur
314 1767 356 1890 ibi
377 1831 530 1911 inprimis
552 1831 760 1912 probabiliter,
782 1829 891 1892 deiude
914 1849 987 1892 vero
1000 1833 1070 1891 irre·

150 1912 342 1995 lragnbilitet,
363 1911 475 1974 nedum
497 1933 553 1994 per
574 1933 710 1975 cauoues
733 1923 762 1975 et
792 1915 935 1994 coucilia,
963 1931 1068 1974 verum

153 1997 239 2057 etiam
262 2013 318 2076 per
337 1995 440 2056 literas
462 1995 591 2059 divinas.

228 2077 269 2138 ut
288 2079 319 2140 4.
342 2077 425 2158 quod
447 2097 555 2140 omnes
577 2079 809 2141 constitutiones
824 2079 926 2161 Papae
938 2081 968 2139 iu
990 2077 1070 2140 deci-

154 2160 249 2223 dendo
273 2160 311 2223 de
333 2161 394 2222 tide
415 2170 447 2223 et
469 2160 644 2246 moribuse)
677 2172 747 2225 suut
769 2184 787 2225 a
808 2164 903 2245 Papo,
924 2164 955 2223 iu
977 2180 1071 2242 quan·

154 2254 211 2305 tum
233 2252 281 2305 eat
301 2244 396 2326 Papa,
418 2247 483 2306 sive
504 2265 571 2306 cum
596 2246 794 2309 assidentium
817 2246 956 2309 consilio.

229 2326 271 2387 Itt
297 2332 327 2393 5.
353 2327 394 2388 ibi
423 2328 584 2389 solvuntur
605 2328 700 2391 multa
721 2331 874 2392 contraria
895 2326 1070 2411 praediolis,

156 2409 259 2489 quibus
295 2410 408 2471 aemuli
437 2410 599 2472 Romanae
630 2413 712 2473 sedis
746 2422 895 2474 conantur
926 2408 1068 2493 probare,

116 2508 120 2526 ¹
156 2492 232 2573 quod
253 2492 419 2573 aliquando
439 2493 525 2575 Papa
537 2494 648 2556 nedum
662 2496 830 2577 operando,
854 2514 956 2556 verum
978 2496 1070 2556 etiam

158 2574 319 2637 decidendo
341 2577 467 2657 erravit,
490 2585 521 2637 et
540 2579 715 2659 specialiter
736 2578 774 2641 de
796 2578 830 2639 B.
853 2578 957 2657 Petro,
979 2596 1070 2657 quem

158 2658 308 2739 apostolus
329 2658 533 2741 reprehendit.
575 2660 674 2743 Super
695 2680 756 2742 qun
778 2661 970 2723 adversarius
989 2680 1071 2743 mag·

158 2761 220 2801 nam
242 2741 376 2821 quidem,
397 2741 452 2802 sed
473 2744 630 2805 ruinosam
652 2750 833 2805 structuram
857 2744 1022 2805 labrelacit.

232 2822 306 2905 esp.
330 2827 380 2889 16.
403 2824 494 2901 Quod
517 2826 547 2887 iu
562 2828 771 2889 ecclesiastica
789 2826 958 2888 hierarchia
973 2822 1071 2887 ronda-

160 2924 208 2987 nus
234 2906 359 2968 Praesul
392 2909 433 2968 sit
460 2928 597 2970 summus
619 2908 812 2994 hierarchas)
836 2909 999 2971 infallibilis
1022 2928 1071 2969 ve-

159 2990 244 3051 ritulis
262 2989 389 3073 soluat)
415 2999 522 3054 contra
539 2990 757 3073 adversarium,
780 2995 831 3074 qui
853 3011 999 3075 expresse
1020 3010 1071 3054 vc·

163 3163 234 3174 ι...-

205 3254 236 3319 b)
260 3254 297 3309 Et
322 3255 367 3309 bic
395 3254 480 3311 Satan
504 3256 634 3327 loquitur.
681 3254 812 3327 c)'Papa
841 3261 871 3309 ut
900 3254 976 3309 Pan
1004 3254 1072 3323 agit,

162 3326 261 3395 quando
279 3332 408 3396 portetur
433 3344 451 3381 a
475 3328 693 3398 Retereudariia,
724 3334 752 3381 et
774 3328 872 3382 beatos
890 3342 925 3396 pe
945 3342 975 3380 es
993 3340 1071 3393 prae·

161 3398 201 3450 bet
220 3396 402 3465 mmmdcc,
430 3399 530 3453 deinde
561 3400 673 3470 qnando
715 3416 747 3454 er
772 3400 916 3453 avaritiam
940 3399 1072 3451 absorbet

161 3468 292 3539 mnndum,
311 3470 457 3540 perditque
474 3474 590 3526 animae.
627 3472 661 3535 dt
726 3474 784 3526 inio
803 3470 953 3524 Silvestrle
966 3474 1070 3522 tartaro

161 3540 273 3595 advecta
311 3543 339 3608 e)
358 3540 436 3595 Slcnt
460 3544 608 3611 probatum
627 3549 671 3597 eet
690 3545 844 3597 uomeeimo
863 3539 995 3608 concilio,
1025 3541 1072 3595 nbi

161 3610 273 3665 dedantur
291 3619 347 3676 est,
374 3616 496 3667 ammeta
514 3630 577 3668 esee
593 3616 798 3681 immortalem,
825 3620 853 3667 et
870 3628 931 3666 aete
950 3612 1072 3665 decimas

162 3698 205 3751 pru
219 3690 315 3737 ventre
333 3685 460 3761 chrm
478 3686 693 3757 extorquendas.
730 3690 754 3749 i)
783 3685 878 3740 Satan.
920 3687 950 3755 gt
971 3682 1001 3737 Id
1020 3690 1071 3753 eet,

162 3754 290 3809 mlitarim
307 3762 340 3808 nt
356 3770 449 3825 cupre.

207 3826 237 3895 1)
256 3826 287 3879 lu
306 3826 350 3881 ed.
368 3827 428 3882 lea.
447 3826 539 3885 deest:
560 3833 596 3884 et
