2600 4300
389 354 422 410 D.
441 318 519 411 uuirt
538 353 653 411 Luthari·
671 358 776 411 concio.
991 354 1053 423 325

126 528 208 588 aicnt
230 526 313 605 iona,
334 545 497 605 venenum,
521 535 574 589 aut
595 548 677 609 aqua
700 530 771 590 salia
784 530 1055 598 nataralitcraaiac

125 616 189 688 cat,
226 612 308 671 sicut
338 629 450 691 corpus
472 611 626 691 leprosum
648 613 825 674 naturaliter
846 622 892 673 eat
914 614 991 693 tute,
1023 623 1054 676 ct

125 711 244 775 corpna
266 712 395 755 coccum
418 694 571 770 similiter,
600 714 664 755 non
688 696 737 755 hic
760 715 828 756 curn
853 696 960 777 iogicis
983 716 1053 779 ago.
1105 748 1111 763 ι

208 776 333 839 Iustitia
348 778 419 837 huic
433 780 587 837 contraria
599 778 736 838 similiter
751 787 797 839 εει
810 780 930 857 nataiia,
951 798 1054 841 ensen-

126 859 228 937 tiaiis,
258 860 431 939 originalia,
465 860 582 935 aliena,
612 878 692 940 quac
722 870 768 921 εει
795 863 909 923 iustitia
933 860 1053 925 Ohritti.

125 942 239 1004 lohan.
261 945 296 1007 3:
338 943 403 1003 Nisi
426 944 493 1023 quis
515 949 640 1009 renatus
662 943 751 1004 fuerit
772 965 812 1005 ex
834 963 916 1024 aqua
942 953 972 1006 ει
994 946 1053 1027 api·

124 1027 192 1085 ritu.
228 1025 315 1087 dtem
350 1025 458 1087 Iohan.
487 1029 527 1088 1:
570 1025 727 1106 Quotquot
761 1048 830 1088 eum
863 1036 1054 1112 receperunt,

128 1106 213 1169 dedit
236 1111 281 1168 cia
302 1113 488 1190 potestatam
510 1108 590 1169 iiiior
613 1110 670 1169 Dei
693 1109 767 1171 fleri.
810 1110 850 1170 Et
872 1110 1053 1175 tlohan.3:

126 1191 185 1267 Qui
209 1198 303 1253 natus
324 1200 372 1252 eat
393 1210 433 1251 cx
454 1192 533 1268 Deo,
552 1210 617 1256 ¹non
640 1200 751 1279 peccat
777 1193 824 1266 (id
846 1200 902 1270 eat,
924 1213 985 1253 non
1008 1200 1055 1254 εει

126 1276 308 1355 peccator),
321 1274 375 1335 aed
388 1275 547 1353 generatio
560 1274 615 1334 Dei
635 1282 801 1336 conservat
815 1294 894 1339 eum.
917 1276 1005 1337 Rom.
1015 1281 1052 1341 5:

124 1358 184 1417 Por
206 1358 299 1417 unius
322 1357 454 1417 hominia
483 1358 628 1417 iustitiam
656 1360 687 1417 in
718 1376 825 1419 ornnes
855 1359 994 1419 homines
1023 1360 1075 1419 in¹

124 1439 379 1501 iustificationem
401 1442 492 1518 vitae,
514 1448 545 1499 ct
566 1459 623 1520 per
644 1442 733 1501 unius
756 1441 888 1501 hominia
910 1440 1054 1503 obedian-
1093 1458 1097 1477 ¹
1158 1474 1162 1481 ·
1191 1468 1195 1477 «

127 1525 201 1583 tiam
224 1524 296 1583 iuati
319 1524 543 1583 constituentur
565 1523 659 1585 muiti.

210 1605 299 1666 Haec
319 1612 382 1682 εει,
411 1605 450 1665 dc
478 1622 540 1684 qua
563 1624 661 1686 nupar
682 1605 764 1683 dixi,
797 1605 878 1685 quod
908 1606 947 1666 ait
975 1624 1054 1685 nora,
1091 1668 1093 1672 .

128 1688 264 1768 capitata
283 1688 532 1761 fundamentum,
560 1697 648 1769 patra
677 1696 798 1763 nostra,
832 1696 863 1749 et
889 1694 954 1749 tota
985 1688 1054 1750 auh

128 1772 243 1831 stantia
255 1780 371 1841 nostra,
393 1772 423 1830 in
443 1790 503 1849 qua
517 1770 726 1849 gioriamurin
746 1779 911 1839 aeternum,
934 1777 969 1832 ut
981 1790 1055 1853 apo·

129 1854 275 1933 stolum)
299 1855 355 1914 cit:
388 1852 479 1929 Quod
502 1854 564 1913 vita
585 1860 692 1913 nostra
713 1852 895 1914 abscondita
916 1860 963 1915 cat
984 1873 1053 1915 cum

129 1936 254 1997 Ghriato
275 1938 307 1996 in
330 1936 408 2011 Deo,
430 1937 607 1995 etiterum:
639 1936 679 1997 Ut
700 1955 758 1996 noa
780 1955 917 1997 caremus
940 1938 1055 1997 institia

129 2019 184 2078 Dei
208 2019 327 2079 initio.
369 2018 409 2078 Et
431 2022 446 2080 1
472 2018 609 2079 Corinth.
633 2023 667 2082 1:
695 2016 753 2093 Qui
777 2018 875 2079 tactus
897 2027 944 2080 cat
965 2018 1054 2080 nohis

129 2122 148 2161 a
164 2100 249 2163 ‘Deo
279 2101 395 2162 iustitia
420 2107 452 2162 et
478 2102 630 2181 capientia
659 2108 691 2162 ct
720 2101 921 2163 sanctificatio
952 2109 989 2170 ει,
1010 2120 1055 2163 rc-

130 2185 278 2266 demptio.
327 2185 368 2245 lot
400 2188 417 2247 1
448 2184 583 2246 Corinth.
618 2187 653 2243 3:
697 2185 938 2246 Fundamentum
972 2184 1054 2246 aiiud

114 2274 352 2350 ⁴nomo‘potcat
371 2285 497 2348 ponere.
1041 2291 1045 2299 ·
1084 2302 1087 2310 ι

214 2349 370 2425 Βεεεράο,
392 2350 471 2410 haec
492 2349 527 2410 iit
547 2355 655 2410 nostra
676 2367 731 2430 per
752 2348 854 2414 tidem.
899 2349 1008 2412 Roma.
1023 2353 1054 2413 1:

131 2433 236 2493 Juatua
258 2452 299 2493 cx
319 2431 382 2492 fldc
401 2432 478 2492 vivit
499 2439 531 2492 ει
556 2437 604 2495 10.
621 2451 706 2512 cap.:
738 2431 839 2493 Gordc
862 2433 994 2494 creditur
1015 2431 1055 2494 ad

129 2516 286 2576 iustitiam.
341 2515 428 2575 Haec
462 2534 518 2595 par
553 2514 737 2596 baptismum
774 2515 942 2593 confertur,
977 2515 1056 2576 hacc

132 2606 177 2659 cat
204 2598 350 2679 proprio,
379 2616 471 2676 quom
499 2597 695 2680 evangelium
724 2598 906 2676 annunciat,
934 2603 966 2658 at
993 2613 1055 2660 non

133 2685 178 2741 cat
197 2681 316 2741 iustitia
337 2681 367 2741 ic
390 2681 425 2758 'a,
447 2680 502 2741 aed
523 2681 639 2740 iustitia
661 2681 788 2761 gratiae.

212 2763 338 2841 Tertio,
392 2781 452 2824 auc
479 2764 530 2842 qui
556 2761 665 2839 habat,
695 2763 813 2823 etiarnsi
837 2767 964 2843 peccat,
993 2779 1055 2822 non
1081 2799 1094 2822 .

134 2845 302 2906 damnatur.
352 2845 433 2920 Ptol.
456 2845 551 2923 89¹J:
595 2843 627 2905 Si
677 2851 861 2906 cccavcrunt
889 2849 947 2905 cto.
998 2843 1057 2904 Hic

134 2936 179 2989 att
200 2929 285 2990 anim
301 2925 383 2988 filiun
395 2918 554 2989 'delicatus
578 2932 589 2997 ι
596 2934 630 2987 ιιι
646 2865 787 3003 dicitur),
809 2928 860 3008 qui
876 2945 938 2987 non
952 2931 1058 3008 potant

91 3074 95 3085 ,
136 3010 292 3072 offendero
326 3010 470 3090 quicquid
500 3011 615 3078 feccrit.
670 3009 751 3072 Psal.
778 3012 833 3074 25:
885 3008 1056 3070 Universae

135 3095 201 3156 ricc
221 3093 348 3156 Domini
369 3092 581 3154 misericordia
602 3100 634 3153 ει
654 3093 777 3153 veritas.

210 3174 350 3254 ¹Quarto,
379 3195 435 3257 per
462 3176 543 3237 hanc
571 3173 606 3236 tit
627 3175 722 3236 homo
745 3176 888 3236 dominun
911 3173 1057 3250 omnium,

138 3261 206 3338 quia
225 3259 346 3320 iustitio
366 3259 432 3318 eiua
454 3259 494 3319 dc
517 3257 608 3319 cocio
632 3259 796 3339 prospicit,
819 3268 850 3318 et
871 3256 922 3316 hic
942 3255 1058 3320 iustitia

138 3349 167 3401 ct
184 3342 299 3402 raritas
314 3340 443 3401 obviant
455 3341 522 3420 aihi,
545 3340 661 3400 iustitia
681 3347 713 3408 ct
728 3358 790 3421 pax
808 3336 1057 3414 occulantur*⁸),

138 3425 248 3485 veritat
268 3424 351 3484 anim
373 3422 414 3483 dc
435 3430 514 3484 tarra
539 3423 643 3485 oritur.
685 3422 765 3484 Nam
793 3423 860 3482 aine
888 3419 1057 3480 miscricor-

139 3505 185 3568 diu
202 3506 299 3568 horno
321 3511 370 3566 cat
384 3505 555 3586 hypocrita,
578 3505 645 3566 rinc
661 3503 951 3582 iustitiainquictut.
983 3499 1057 3562 Gra·

206 3767 238 3904 ει
257 3835 527 3891 ιι
637 3747 734 3888 ιιι
