2600 4300
404 328 440 384 ds
457 329 559 385 virtuts
574 328 820 403 tndrdgantlsrum.
1009 326 1072 433 μ’(

151 502 231 576 patet
257 499 334 559 satis
364 498 405 558 ad
432 501 664 579 experientiam.
714 502 825 563 Restat
851 520 943 583 ergo,
978 520 1071 581 quam

152 576 244 640 modo
266 578 387 661 tingere
408 600 459 643 me
480 583 553 645 dixi.

228 662 294 723 Sed
313 664 397 743 quod
416 664 471 725 illa
490 666 577 725 nulla
599 668 647 745 sit,
669 668 712 727 ita
726 666 873 747 mihiipsi
887 664 1071 747 persuadeo.

149 746 268 824 Primo,
292 747 374 826 quod
395 747 482 808 nulla
501 750 666 809 autoritate
687 751 875 829 scripturas,
898 749 1068 829 doctorum,

149 846 311 907 canonum,
332 832 455 890 ratione
474 831 625 910 probabili
640 839 745 911 potest
757 832 871 911 doceri,
894 832 987 894 talem
1000 850 1070 894 esse

149 912 283 990 aliquam
303 932 455 992 poenam,
487 924 519 974 et
540 914 739 975 vehementer
766 914 931 977 absurdum
959 922 1010 991 est
1038 917 1069 975 in

154 994 287 1054 ecclesia
306 995 423 1075 aliquid
445 996 569 1075 docere,
590 998 676 1058 cuins
699 1016 756 1058 nee
777 1000 809 1059 in
831 1000 989 1079 scriptura,
1012 1017 1070 1061 nec

151 1077 342 1157 doctoribus,
364 1097 466 1158 neque
487 1080 674 1159 canonibus,
696 1099 796 1161 neque
817 1082 927 1143 saltem
947 1082 1071 1143 rationi-

152 1161 208 1221 bus
228 1168 336 1239 potest
356 1180 451 1223 causa
470 1161 548 1223 dari.

230 1243 392 1323 Secundo,
427 1244 509 1324 quod
531 1247 558 1305 ei
579 1248 672 1307 etiem
695 1254 778 1307 esset
799 1248 868 1307 talis
890 1264 994 1327 poena
1015 1247 1065 1307 sli-

151 1345 225 1404 qua,
259 1346 324 1388 nou
346 1334 449 1388 tamen
472 1328 512 1388 ad
533 1331 746 1390 remissionem
769 1348 869 1409 papae
892 1332 1068 1409 pertineret,

151 1429 216 1468 cum
238 1410 281 1469 sit
299 1410 473 1471 voluntaria
493 1417 526 1471 et
546 1410 625 1472 ultra
654 1430 789 1474 oenones
818 1414 978 1493 imposita,
1005 1414 1069 1473 imo

151 1511 213 1553 non
232 1494 390 1573 imposita,
412 1494 468 1554 sed
487 1503 600 1574 sponte
620 1504 774 1577 suscepta,
797 1497 868 1574 quia
890 1503 938 1555 est
953 1496 1016 1555 alia
1030 1494 1069 1557 ab

151 1577 201 1653 iis,
234 1594 315 1654 quae
338 1577 550 1656 imponuntur,
581 1586 616 1637 ιιι
644 1598 737 1658 supra
764 1578 877 1639 dictum
907 1580 939 1639 in
968 1596 1071 1657 poena

153 1659 266 1737 quinta.
754 1692 764 1725 ι

231 1741 325 1817 Quod
347 1744 373 1800 si
394 1741 527 1803 diceres:
558 1742 725 1817 Quomodo
748 1750 821 1803 tunc
844 1742 1007 1804 satisfieret
1026 1745 1070 1804 iu-

153 1826 251 1884 stitiae
272 1825 411 1903 divinae,
443 1828 469 1885 si
496 1844 557 1905 quo
586 1826 680 1887 modo
710 1828 879 1888 canonicae
900 1826 950 1886 vel
971 1844 1070 1887 sacar-

155 1907 271 1967 dotales
293 1924 360 1968 non
380 1915 486 1968 essent
506 1908 601 1969 satis?
643 1910 847 1989 Respondes:
870 1908 1001 1971 Abunde
1023 1928 1069 1971 sa·

153 1991 190 2049 tis
209 1988 244 2049 fit
264 2008 322 2069 per
344 1992 464 2051 tertiam
483 1998 515 2051 et
527 2000 676 2071 quartam,
699 1992 866 2053 secundum
885 2010 1069 2070 mensuram,

155 2092 241 2153 quam
261 2074 354 2134 novit
365 2073 457 2134 Deus.
484 2074 592 2155 Neque
614 2077 695 2135 enirn
718 2076 828 2157 legitur
849 2076 967 2156 uspiam
986 2075 1069 2135 Deus

155 2157 285 2235 aliquam
307 2158 513 2236 requisivisse,
535 2160 593 2218 nisi
614 2161 736 2220 tertiam
758 2157 923 2240 aliquando
938 2164 970 2218 et
983 2177 1069 2238 quar-

155 2247 227 2316 tam,
261 2247 297 2299 ιιι
316 2241 349 2299 in
370 2239 471 2300 David
491 2249 523 2301 et
543 2240 613 2302 filiis
634 2243 731 2304 Israel
752 2243 784 2301 in
805 2241 857 2302 lib.
879 2239 1016 2302 iudicum
1038 2248 1069 2301 et

154 2323 281 2402 Regum.
320 2322 383 2384 Sed
403 2323 467 2384 lere
487 2342 610 2403 semper
631 2333 793 2386 contentus
815 2331 864 2385 est
880 2323 975 2385 corde
996 2341 1068 2384 con·

154 2407 221 2466 trito
251 2412 285 2466 et
310 2424 415 2485 poena
441 2409 520 2468 tertii
548 2409 686 2487 generis,
719 2415 751 2468 et
781 2407 852 2468 hinc
886 2425 945 2488 ego
975 2407 1069 2468 miror

154 2488 342 2566 quorundam
377 2489 610 2570 negligentiam,
655 2493 721 2569 qui,
758 2497 792 2550 ιιι
828 2490 1068 2550 satisfactionem

154 2579 301 2650 astruant,
344 2571 467 2649 dicunt,
502 2573 654 2634 Christum
694 2573 866 2634 absolvisse
898 2571 1067 2634 adulteram

153 2652 233 2714 illam
253 2656 286 2714 in
307 2657 470 2735 evangelio
492 2657 559 2716 sine
581 2655 805 2734 satisfactione,
834 2655 962 2716 Mariam
991 2673 1066 2718 vero

103 2747 104 2752 ’
155 2736 367 2817 magdalenam
398 2755 462 2800 non
495 2740 563 2799 stne
594 2739 814 2800 satisfactione.
865 2738 906 2798 Et
936 2738 1007 2801 ideo
1035 2740 1067 2800 iu

156 2819 261 2898 Maria,
295 2839 359 2880 non
385 2822 417 2880 in
439 2820 577 2882 adultera
598 2822 778 2882 imitandum
801 2840 870 2882 esse
891 2821 1067 2900 Dominum,

157 2909 186 2962 ut
220 2904 286 2963 sine
330 2903 540 2966 satisfactione
577 2905 653 2965 nulli
691 2905 862 2966 remittatur
897 2913 1067 2984 peecatum.

158 2985 228 3044 llam
250 3004 309 3046 nec
328 2985 470 3067 leprosos
492 2985 658 3072 mundavit,
685 2989 743 3048 nisi
755 2987 910 3067 imposito,
932 2995 965 3049 ut
982 2989 1068 3048 salis

160 3068 287 3128 lacerent
313 3068 391 3148 legi,
423 3076 457 3130 et
488 3070 688 3131 ostenderent
718 3089 752 3130 ss
779 3069 942 3132 sacerdoti.
983 3069 1068 3133 Haec

161 3169 226 3230 ergo
247 3157 295 3212 est
320 3151 374 3210 ille
403 3169 522 3232 poena,
551 3171 642 3232 qnam
671 3154 787 3214 iustitia
813 3153 917 3214 divina
943 3154 1069 3232 requirit

161 3234 230 3294 ultra
248 3235 310 3294 iam
331 3235 439 3297 dictas.

234 3317 294 3379 sed
317 3319 511 3397 respondeo:
533 3319 594 3379 leta
613 3317 796 3401 adultera*)
824 3317 1065 3392 (meoiudicio)

164 3399 224 3478 plus
243 3420 412 3481 poenarum
434 3402 518 3478 tulit,
552 3420 643 3480 quam
676 3402 773 3462 Maria
804 3399 1003 3482 Magdalena,
1036 3408 1068 3460 et

166 3485 249 3564 magis
270 3485 428 3564 satisfecit,
450 3503 562 3564 nempe
577 3487 638 3545 iarn
656 3490 786 3546 mortem
800 3484 981 3564 patiebatur,
1003 3501 1067 3544 non

104 3606 105 3611 ι
167 3565 236 3626 aliud
255 3567 378 3647 videns,
407 3570 466 3629 nisi
486 3568 680 3628 durissimum
701 3567 856 3628 iudicium.
898 3566 969 3628 ldeo
992 3567 1068 3628 mire

167 3649 349 3728 cruciabatur,
372 3658 404 3712 et
426 3651 552 3713 dolebat
572 3651 666 3732 longe
687 3651 756 3732 plus
779 3669 870 3730 quam
891 3649 997 3730 Maria,
1019 3650 1068 3710 cui

226 3823 252 3885 ‘l
269 3819 365 3874 lohan.
384 3817 410 3874 8.

788 3916 851 3983 10*
