2600 4300
524 595 527 604 .
584 548 624 616 fl.
1012 601 1015 612 ,
1053 574 1056 599 ι

370 708 570 831 spuma
597 694 905 806 amonim*

116 879 421 963 witembergensis
455 881 494 945 ad
530 880 665 948 Leonem
693 880 731 943 X.
760 880 932 944 Romanum
967 878 1068 946 Pontis

144 963 246 1035 neem,
269 964 654 1047 wowoniumpraebons
677 963 715 1029 de
736 963 911 1044 integritate
932 962 970 1025 D.
992 962 1069 1029 Mat·
1117 969 1145 1033 f
1199 1024 1200 1033 ,

197 1047 253 1107 tici
275 1046 415 1126 umes,
438 1055 470 1109 st
490 1066 643 1111 excusans
666 1066 747 1125 eum,
768 1064 863 1126 quaro
885 1044 1023 1109 Romam.
1062 1105 1066 1115 ,

424 1129 577 1211 proficisci
599 1150 661 1193 non
684 1130 798 1211 possit,
865 1141 867 1145 ’
984 1146 990 1155 ·

225 1294 302 1356 Non
324 1296 487 1359 temeritati
507 1314 610 1376 usque
630 1294 838 1375 impudentiae
859 1293 947 1357 nobis
963 1298 1069 1375 vertet,

145 1377 327 1439 beatissime
347 1379 457 1456 Pater,
489 1379 673 1441 suavissima
704 1378 757 1441 illa
783 1384 837 1441 tua
865 1386 895 1439 et
916 1397 989 1439 vere
1017 1396 1069 1457 pa-

145 1460 270 1522 storalis
299 1461 479 1539 clementia,
519 1460 602 1542 quod
629 1460 830 1523 sanctitatem
865 1467 947 1522 tuam
985 1459 1070 1520 hisce

145 1543 260 1605 neuris
287 1544 380 1607 litoris
408 1544 493 1605 adire
513 1545 791 1626 praesumpsimus,
818 1544 917 1624 pietas
946 1544 1013 1623 ipsa
1040 1547 1072 1603 et

146 1626 259 1686 veritas
286 1628 353 1687 vice
374 1636 499 1689 nostrae
510 1626 714 1688 verecundiae
731 1626 852 1687 abunde
871 1626 1069 1706 (speramus)

146 1705 235 1772 uobis
267 1710 446 1771 conciliabit
471 1711 723 1792 patientissimam
762 1718 862 1786 tuam,
897 1715 928 1769 ct
954 1708 1070 1790 passim

148 1792 295 1853 omnibus
318 1793 462 1856 munifice
481 1793 657 1875 expotltam
679 1792 934 1855 benevolmtiam.

230 1874 340 1936 Frater
361 1875 501 1954 quidam,
535 1871 682 1936 Martinus
703 1870 867 1951 botherus,
902 1874 1011 1935 artium
1041 1878 1072 1933 et

150 1976 261 2018 sacrae
283 1958 460 2038 theologiae
470 1958 638 2035 arcessor,
662 1956 759 2019 nostri
781 1957 871 2018 studii
894 1956 984 2017 fidele
1005 1974 1072 2036 gra·

149 2049 278 2119 tumque
300 2040 469 2101 membrum
485 2044 537 2118 (ut
559 2046 689 2116 vocant)
713 2040 801 2101 nobis
814 2040 951 2127 supplexk
964 2039 1072 2114 lactus,

148 2122 267 2184 boneia
276 2129 401 2186 nostrae
414 2124 651 2202 intercessionis,
674 2124 777 2204 literas
794 2122 836 2184 etlv
849 2120 1071 2189 beatitudinem

149 2214 232 2267 tuam
258 2207 445 2286 postulavit,
465 2201 577 2287 quibus
606 2209 813 2270 testimonium
843 2205 1071 2286 perhiberemus

149 2294 180 2348 ct
199 2289 365 2350 doctrinae
386 2297 418 2350 at
437 2290 539 2352 lemae
558 2292 635 2368 eius,
660 2309 751 2370 quam
774 2310 793 2352 a
813 2287 996 2369 quibusdam
1017 2287 1072 2350 lul·

151 2372 240 2450 quius
266 2371 406 2434 damnari
426 2381 460 2434 et
478 2374 618 2434 acousmi
639 2373 792 2453 queritur..
1060 2421 1064 2430 .

161 2513 168 2526 ,
233 2454 377 2534 Denique
405 2461 436 2515 et
464 2475 546 2516 nuuc
574 2457 750 2516 autoritate·
766 2453 968 2516 Beatitudinis
1001 2459 1074 2516 tuae

151 2555 206 2616 par
229 2537 490 2600 commissionem
512 2545 638 2619 propter
660 2537 830 2618 disputatas
853 2537 970 2616 aliquot
991 2534 1073 2616 apud

151 2620 466 2782 :ttttttttla
482 2621 521 2763 il
540 2616 740 2766 ttllttl:
760 2621 1074 2778 ttl‘tttttt

151 2786 293 2864 corporis
316 2785 459 2846 valetudo
482 2792 513 2846 et
532 2787 648 2847 itineris
674 2785 842 2866 periculum
871 2803 934 2846 uon
956 2785 1074 2864 patius

152 2870 200 2927 tur
221 2884 295 2928 eum
315 2869 418 2930 faeere
451 2868 534 2949 quod
563 2868 690 2930 deberet
720 2876 751 2929 et
782 2867 888 2946 vellet,
918 2866 997 2930 baec
1024 2883 1073 2928 res

153 2968 246 3030 supra
267 2952 348 3011 vires
367 2970 443 3012 suas
464 2969 533 3013 esse
555 2951 690 3029 videtur,
727 2950 842 3012 idcirco
871 2968 928 3010 nos
956 2950 1022 3010 sius
1043 2954 1074 3010 st

154 3033 331 3094 necessitati
352 3041 384 3096 et
404 3034 545 3115 petitioni
566 3034 722 3114 compassi
749 3051 864 3114 nagera
888 3048 950 3094 non
978 3031 1073 3093 volui·

154 3135 221 3176 mus
242 3114 297 3190 id‚‘
314 3134 376 3195 quo
414 3115 473 3177 sibi
510 3133 590 3197 opus
619 3135 688 3176 esse
720 3114 833 3194 credit,
866 3114 1073 3178 usamentum

155 3205 305 3260 nmirum.
426 3249 429 3256 .
682 3233 684 3236 -

237 3279 357 3356 Quare,
392 3278 569 3342 benissimo
588 3280 695 3359 Pater,
727 3279 881 3356 humiliter
907 3285 939 3342 et
959 3276 1075 3343 obnixa

156 3380 296 3438 mamus,
326 3361 433 3424 devoti
454 3361 611 3443 deditique
629 3361 684 3424 olii
716 3361 886 3426 macomus
921 3367 1008 3439 tuae,
1040 3365 1074 3425 ul

157 3443 239 3541 bupc
259 3445 365 3506 Virum
387 3446 467 3542 eum
480 3444 607 3542 credere
628 3440 889 3540 dignaturpculus
908 3441 993 3524 apud
1016 3457 1074 3504 nos

156 3523 969 3680 tamtum-psalmati
987 3539 1076 3688 ἵιὲἓί

159 3693 247 3753 matis
268 3691 340 3754 tabe
359 3700 502 3774 respersa
522 3698 576 3753 aut
597 3687 805 3752 contaminata
827 3690 880 3768 sit,
911 3687 969 3748 nisi
992 3687 1076 3769 quod

158 3773 214 3835 ritu
236 3780 269 3835 et
288 3774 435 3836 facultate
462 3773 636 3856 disputandi
663 3771 786 3834 liberius
814 3769 892 3832 loris
923 3769 1097 3849 quaedam
