2600 4300
242 299 285 368 m
496 303 935 376 matemautensem

225 545 229 553 Χ
325 475 446 554 Tertio,
472 475 704 538 tundamentum
730 477 870 539 Thomae
900 477 1011 540 falsum
1049 476 1170 554 iudleo,

245 560 380 639 soilioet,
415 560 497 639 quod
518 561 602 620 Deus
631 562 767 640 requirat
792 579 911 640 poenas
941 579 961 620 a
988 566 1171 640 peuoatore,

244 658 304 703 neo
327 645 477 720 remittet,
513 645 574 703 nisi
601 645 756 722 requisita,
781 643 1000 705 satisfactione.
1048 643 1171 704 Contra

244 744 350 786 verum
372 733 434 801 est,
467 726 549 805 quod
580 727 718 806 spiritum
742 726 978 788 contribulatum
999 733 1031 787 et
1051 726 1170 787 eontri·

244 813 307 868 tum
330 827 392 888 non
415 807 601 890 despioit*).
643 810 685 870 Et
713 809 795 889 quud
823 810 964 887 remittit,
999 815 1098 870 toturn
1121 827 1170 868 re-

243 892 354 967 mittit,¹
384 892 443 950 nisi
474 893 554 953 forte
580 891 705 973 flagella
733 892 834 952 adhue
860 911 917 972 pro
951 911 1007 952 suo
1037 892 1169 952 arbitrio

244 974 363 1050 inferat,
385 992 543 1053 quaeres
563 976 704 1052 eeclesia,
726 993 785 1034 nee
806 975 927 1036 eoelum
948 975 1089 1036 relaxare
1110 993 1170 1055 po-

243 1063 312 1117 test
345 1056 419 1118 ldeo
442 1059 565 1136 quando
587 1059 721 1118 ecelesia
741 1059 868 1118 remittit
887 1059 1039 1118 iniunotas
1056 1058 1170 1138 poeni·
1207 1053 1208 1066 ¹

244 1140 372 1219 tentius,
394 1159 457 1200 non
480 1141 521 1200 ad
542 1143 699 1222 graviores
721 1141 863 1219 remittit,
892 1142 964 1220 quia
986 1161 1049 1202 nou
1071 1141 1171 1202 habet

236 1228 430 1304 ¹potestatem
451 1225 606 1284 remittere
626 1223 667 1283 ad
689 1224 766 1284 alias
788 1241 922 1303 poenas,
954 1224 1004 1284 vel
1034 1243 1098 1286 nou
1121 1242 1170 1284 re·

244 1305 375 1365 mittere.
418 1304 479 1366 Sed
502 1307 542 1366 de
561 1308 598 1366 iis
612 1306 643 1383 1)
667 1308 698 1366 in
720 1306 952 1386 probationibus
975 1308 1063 1368 meis.
1106 1307 1170 1366 lni-

244 1405 304 1467 que
330 1388 434 1466 itaque
464 1389 538 1448 mihi
567 1389 716 1469 imponis,
749 1387 831 1468 quod
864 1389 1042 1450 detrunoem
1074 1390 1169 1470 privi-

235 1469 358 1550 legium
382 1471 550 1550 eeclesiae,
573 1479 605 1531 et
625 1472 775 1532 haeresim
798 1473 899 1552 sapiat
920 1491 957 1532 ea
979 1473 1168 1552 propositio.

243 1553 289 1613 Tu
310 1554 415 1633 potius
435 1555 523 1631 vide,
558 1574 597 1614 an
620 1573 683 1614 non
704 1555 736 1613 io
758 1555 857 1614 Deum
880 1556 921 1614 sis
943 1556 1072 1635 impius,
1102 1555 1170 1634 qui,

244 1641 278 1696 ut
297 1642 482 1716 potestatem
504 1638 656 1698 ecelesiae
678 1655 758 1713 vana
779 1637 957 1698 adulatione
974 1638 1120 1715 extollas,
1136 1639 1170 1698 in

244 1719 463 1798 praeiudicium
491 1720 614 1780 divinae
643 1721 807 1800 potestatis
837 1721 977 1794 extollis,
1009 1720 1041 1780 id
1064 1722 1094 1780 ei
1116 1722 1170 1781 tri-

245 1799 358 1878 buens,
386 1802 469 1880 quod
491 1803 587 1862 solius
608 1803 666 1862 Dei
695 1809 751 1862 est.
800 1802 902 1877 Quare
930 1804 1004 1864 mihi
1025 1805 1170 1884 ignosee,

244 1901 379 1962 quaeso,
415 1886 440 1944 si
470 1892 533 1945 tam
568 1885 719 1946 sollicitus
745 1905 812 1944 sum
832 1903 888 1966 pro
910 1885 969 1946 Dei
992 1886 1114 1946 honore
1137 1897 1172 1946 et

244 1972 399 2046 potestate
426 1967 635 2042 defendenda,
672 1985 764 2046 quam
798 1975 830 2027 tu
865 1986 898 2027 es
926 1988 982 2048 pro
1013 1969 1172 2030 eeclesiae

243 2055 399 2128 potestate
422 2049 583 2129 elepanda,
604 2056 637 2110 et
657 2057 872 2129 exspeotemus
895 2062 1023 2130 uterque
1050 2053 1083 2111 in
1106 2051 1172 2112 hae

244 2151 278 2192 re
303 2134 487 2193 sententiam
518 2139 551 2193 et
583 2132 870 2195 determinationem
913 2133 1065 2195 ecelesiae
1111 2154 1171 2195 seu

244 2215 377 2275 eouoilii.
634 2258 642 2261 -
1007 2244 1014 2249 ·

158 2357 164 2374 ,
288 2305 297 2333 ⁸
324 2298 420 2359 Miror
440 2305 552 2377 autem,
575 2317 628 2358 eur
649 2298 729 2359 hano
749 2302 935 2377 potestatem
957 2300 1115 2360 eoelesiae
1139 2308 1172 2360 te

239 2380 398 2460 appellare
429 2382 622 2461 privilegium
645 2380 794 2457 delectet,
831 2382 889 2440 nisi
923 2382 1005 2461 quod
1039 2382 1173 2448 titillare

239 2462 353 2522 videris
374 2482 440 2539 eos,
462 2465 514 2542 qui
531 2466 629 2545 magis
642 2464 681 2523 de
694 2469 849 2541 potestate
861 2464 1046 2541 dominante,
1071 2484 1171 2544 quam

239 2544 280 2605 de
293 2547 420 2605 satiate
439 2548 592 2607 serviente
603 2547 782 2629 gloriantur,
804 2546 954 2625 siquidem
968 2548 1171 2629 privilegium

240 2646 304 2687 non
326 2626 366 2687 ad
387 2631 615 2690 communitatis
636 2630 853 2712 ministerium,
881 2630 935 2693 sed
965 2630 1004 2691 ad
1025 2633 1173 2711 proprie·

240 2711 312 2769 tatis
332 2712 529 2772 commodum
551 2714 692 2792 pertinet.
744 2712 784 2773 Et
811 2712 890 2773 hano
918 2715 1047 2794 gratiam
1071 2714 1172 2775 debe-

240 2812 307 2852 mus
330 2792 534 2854 seholestioae
556 2802 677 2856 vestrae
689 2794 876 2875 theologiae,
900 2796 983 2875 quod
998 2816 1172 2859 eommune

238 2874 353 2935 bonum
370 2877 527 2949 ,eeclesiae
559 2878 763 2960 (potestatem
797 2877 947 2961 clavium)
979 2899 1041 2941 non
1076 2882 1173 2943 mini-

239 2959 364 3019 sterium
377 2959 550 3039 multorum,
574 2961 628 3021 sed
647 2961 816 3022 dominium
833 2962 966 3023 feceritis
983 2981 1172 3041 paucorum,

239 3040 431 3119 tyrannidem
460 3044 632 3119 ethnicam,
665 3064 728 3105 non
758 3046 935 3105 servitutem
956 3045 1172 3107 Christianam

238 3129 424 3185 sectantes.
452 3136 458 3148 ·

255 3142 275 3203 p
320 3206 429 3281 Nono,
464 3208 545 3269 idem
574 3209 644 3270 dieo
674 3209 713 3269 ad
736 3208 827 3287 illud,
857 3209 947 3285 Quod
982 3219 1172 3290 sequeretur

237 3290 356 3349 animas
377 3291 474 3371 magis
498 3291 703 3372 damnitioari,
730 3312 826 3373 ,quam
857 3292 953 3353 iuvari
983 3311 1039 3373 per
1060 3294 1169 3355 indul·

236 3373 357 3513 {antias
378 3372 547 3452 plenarias,
570 3376 641 3456 quia
662 3377 888 3437 remitterentur
917 3375 957 3435 ad
988 3378 1170 3455 graviores.

267 3454 375 3515 bsecro
405 3462 452 3534 te,
483 3458 554 3536 quid
582 3459 716 3519 eeclesia
746 3458 786 3519 ad
818 3458 880 3519 hoe
912 3459 1014 3519 faeere
1041 3466 1167 3539 potest,

147 3551 153 3561 ·
237 3535 321 3613 quod
349 3539 452 3598 anima
473 3539 560 3604 vadit
588 3541 628 3600 ad
655 3541 889 3623 purgatorium?
923 3540 996 3621 Ipsa
1026 3540 1171 3605 absolvit

311 3741 341 3794 ll
362 3742 392 3793 ln
412 3742 453 3794 ed.
475 3744 547 3797 Jem:
566 3746 618 3799 his.

311 3809 343 3880 ⁸)
364 3812 434 3865 Psal.
453 3814 496 3869 m.
