2600 4300
288 349 361 420 apua
381 350 462 406 caru.
482 351 508 404 o.
527 351 599 403 suu
619 351 797 406 nonnoni„
816 353 879 422 neg.
993 349 1055 418 373
1132 337 1137 345 ’

140 517 322 580 boeretioum
343 517 525 580 invalidum
541 521 744 599 praesidinm,
777 521 905 598 deinde,
937 523 962 582 sl
985 516 1053 603 quis
1070 561 1074 568 -

140 601 265 677 dioeret,
299 609 387 700 turpe
408 621 496 679 esee,
518 605 688 684 prinoipem
700 605 794 684 doqui
816 606 882 666 sine
903 606 987 686 lege,
1023 612 1054 667 et

138 685 220 744 iuxta
231 683 428 761 Zaolrarram,
445 705 507 746 non
529 687 622 747 verba
644 687 785 767 bominis,
807 688 861 749 sed
882 688 981 769 legem
995 689 1053 749 Dei

137 766 346 846 requirendam
370 787 409 827 ex
432 787 486 828 ore
507 769 694 847 seoerdotis,
727 773 814 847 item,
847 771 930 852 quod
960 772 1054 832 verba

137 851 303 930 seripturae
325 857 460 929 torquet,
494 860 524 911 ot
551 853 582 912 in
613 853 745 913 alienum
768 873 891 914 sensnm
914 855 958 915 eis
981 854 1055 915 abu·
1177 911 1180 918 .

137 934 214 1007 titur,
238 952 309 992 nam
331 953 411 1012 quae
429 933 467 994 de
490 936 785 1016 gratisiustiiloante
808 937 889 998 diota
910 944 989 1015 aunt,
1011 937 1052 998 od

136 1016 339 1095 indulgentias
361 1016 461 1094 trabit,
484 1035 545 1096 quo
568 1018 729 1079 videbatur
746 1021 844 1100 magis
866 1039 999 1099 narrare,
1022 1026 1054 1080 et

136 1100 232 1179 magia
258 1100 405 1180 opinione
427 1102 633 1182 quadampia
651 1102 816 1181 exhortari,
839 1121 930 1182 quam
953 1103 1052 1164 solida

136 1183 399 1243 demonstratione
419 1183 531 1262 aliquid
552 1183 694 1264 probaro,
990 1197 998 1216 ⁸

217 1263 361 1326 Vexabat
382 1266 491 1346 etiam,
521 1265 604 1346 quod
626 1266 694 1327 lieri
713 1285 807 1350 posse
828 1275 965 1348 oonstat,
993 1269 1054 1329 De·

134 1347 264 1409 oretales
287 1347 453 1428 aliquando
475 1369 620 1410 erroneas
641 1369 728 1428 esse,
761 1359 791 1412 et
819 1358 927 1412 eontra
948 1369 1053 1412 saeros
1127 1362 1138 1382 ·

132 1432 237 1506 literas
259 1438 290 1492 et
308 1433 468 1492 caritatem
492 1433 631 1496 militare.
682 1434 761 1494 Nam
785 1435 855 1494 lieet
875 1435 1052 1495 Damoteles

133 1515 223 1576 Rom.
245 1514 363 1594 pontiti.
384 1523 529 1595 tanquam
561 1535 670 1577 vooem
692 1517 772 1578 Petri
794 1524 917 1597 oportet
937 1516 1052 1594 audire,

132 1606 166 1659 ut
188 1597 298 1658 dieitur
319 1597 385 1658 dist.
410 1599 466 1675 19,
488 1606 590 1659 tamon
612 1600 674 1660 boo
693 1601 795 1681 ipsum
815 1601 992 1682 intelligitur
1013 1601 1054 1662 de

130 1683 170 1741 iia
192 1680 293 1742 solnm
316 1682 368 1758 (ut
390 1680 499 1742 dieitur
518 1681 671 1765 ibidem),
694 1702 775 1763 quae
793 1701 961 1745 ·eonsonae
982 1690 1054 1745 sunt

131 1783 243 1825 saurae
265 1765 453 1844 scripturae,
487 1772 557 1826 eta
585 1765 737 1846 prioribus
771 1774 896 1848 patrum·
922 1767 1054 1828 decretio

130 1867 196 1908 non
219 1845 410 1907 dissentiunt.

216 1929 358 1990 Aooessit
378 1929 418 1990 ad
440 1929 510 2012 boo,
532 1929 614 2010 qnod
636 1929 675 1992 da
694 1931 778 1992 tuoto
794 1932 901 1992 Petrus
923 1951 986 1993 non
1007 1933 1052 1993 in·

130 2011 248 2076 sedena
277 2011 316 2072 ad
342 2014 501 2074 veritatem
535 2015 687 2093 evangelii
723 2015 925 2095 reprehensus
959 2022 1007 2076 est
1032 2035 1053 2076 a

127 2096 239 2175 Panlo,
262 2093 350 2157 Gula.
373 2097 403 2160 2.
446 2095 518 2157 ldeo
540 2115 602 2159 non
623 2099 732 2158 mirum
754 2097 864 2177 videri,
886 2099 911 2158 ai
932 2107 1051 2160 suo‘eeo

128 2200 185 2242 son
221 2180 287 2240 eius
320 2181 350 2240 in
384 2180 487 2260 aliquo
531 2180 691 2260 defeoerit,
733 2182 983 2261 quandoquidem
1021 2189 1052 2242 et

130 2266 224 2326 Aeto.
248 2266 297 2327 lb.
320 2262 459 2323 deotrina
480 2262 559 2325 Petri
588 2282 649 2325 non
680 2265 735 2325 luit
761 2273 920 2345 suseepta,
951 2265 1053 2325 donee
1132 2260 1135 2269 '

130 2345 298 2408 aeoederet
327 2353 360 2405 et
380 2345 573 2427 approbatio
603 2346 713 2408 Jaoobi
738 2349 885 2424 minoris,
912 2348 1051 2427 episcopi

127 2428 418 2509 Hierosolymituni‚
441 2434 471 2489 et
491 2430 585 2489 totius
606 2431 757 2490 eeclesiae
770 2448 949 2508 oonsenens,
970 2430 1052 2491 undo

127 2513 263 2574 fluxisse
284 2512 403 2572 videtur
423 2510 454 2571 id
475 2513 547 2572 iuris
571 2512 694 2593 dogma,
716 2514 815 2593 legem
837 2520 911 2574 tuno
928 2513 1052 2592 firmari,

129 2594 261 2676 qnando
283 2596 431 2655 utentium
453 2594 587 2655 moribus
610 2596 806 2675 approbatur.

138 2712 149 2719 --
218 2677 391 2752 Praeterea,
413 2696 504 2758 qoam
525 2678 638 2738 multae
650 2679 827 2739 Deoretales
849 2679 966 2759 priores
987 2696 1053 2739 eor-

127 2768 240 2823 rootae
258 2768 332 2821 sunt
352 2780 407 2841 per
428 2762 624 2841 posteriores.
667 2762 801 2842 ideoque
822 2769 852 2821 et
873 2762 953 2823 bano
972 2762 1053 2822 forte

128 2862 192 2925 pro
216 2850 355 2923 tompore
377 2863 434 2906 suo
458 2844 567 2924 oorrigi
588 2860 692 2925 posse.
724 2846 958 2906 Panormitunua
980 2862 1053 2923 quo

127 2946 196 3007 que
227 2925 279 2986 lib.
303 2930 330 2988 1.
359 2926 397 2987 de
429 2926 517 2987 eleut.
547 2945 574 2988 o.
602 2926 805 3007 significasti,
837 2927 989 3004 ostendit,
1020 2928 1052 2987 in

126 3009 265 3069 materia
303 3008 373 3070 fidei
401 3012 469 3069 'non
499 3009 593 3069 modo
620 3011 764 3089 generale
792 3011 956 3071 oonoilium
984 3028 1053 3070 ease

126 3110 232 3171 super
255 3110 376 3172 papam,
399 3091 566 3154 sedetiam
589 3092 756 3172 quemlibet
776 3093 913 3171 fidelem,
942 3095 968 3153 si
990 3109 1054 3152 me-

126 3174 263 3237 lioribus
285 3176 397 3235 nitatur
425 3177 587 3235 autoritate
617 3184 647 3235 et
674 3177 811 3251 rationo,
844 3194 935 3257 quam
962 3194 1053 3256 papa,

125 3260 216 3319 siout
238 3256 327 3317 Petro
349 3257 462 3318 Paulus
477 3257 544 3319 Gal.
562 3258 589 3321 2.
633 3258 723 3335 Quod
745 3268 776 3321 et
791 3260 844 3320 illo
867 3263 894 3322 1.
911 3259 980 3320 Gor.
1004 3259 1052 3320 14.

126 3340 344 3417 confirmatur,
367 3340 398 3402 Si
420 3341 509 3403 luerit
530 3341 616 3402 alteri
638 3342 755 3404 sedenti
771 3342 949 3417 revelatum,
970 3342 1054 3421 prior

124 3432 249 3486 taoeat.
291 3423 364 3485 ldeo
390 3425 439 3484 sio
466 3442 575 3485 vooem
596 3424 677 3487 Petri
700 3446 768 3488 ease
790 3424 988 3506 audiendam,
1020 3429 1056 3484 ut'

125 3516 241 3569 tammr
262 3506 385 3568 liberior
407 3508 445 3567 sit
468 3527 530 3568 vox
542 3508 627 3569 Pauli
640 3528 710 3570 eum
720 3508 940 3591 redarguentis,
961 3525 1053 3588 porro

126 3592 276 3653 omnium
298 3592 437 3671 superior
457 3610 521 3652 vox
544 3590 665 3654 christi.

219 3674 355 3735 Maximo
386 3692 461 3737 voro
485 3673 679 3753 laborabam,
707 3674 790 3754 quod
816 3670 1054 3738 eademllxtru-

124 3776 255 3839 vagans
278 3757 523 3818 manifestissime
545 3758 617 3818 mibi
634 3756 803 3839 apparebat
814 3756 891 3817 salsa
902 3755 1054 3835 quaedam

91 3908 94 3919 ,
125 3842 307 3911 continere.
339 3839 452 3920 Primo,
474 3838 558 3922 quod
574 3840 646 3902 dioit
659 3840 767 3903 merita
787 3845 962 3905 sanotoruta
985 3856 1054 3905 esse
