2600 4300
213 343 276 414 5oe
409 320 419 326 ’
490 351 581 406 «use
601 352 679 406 nen.
699 351 830 408 ossanna

213 521 310 598 ham,
339 541 409 583 oum
437 523 514 583 seint
542 543 591 584 me
618 525 662 584 ita
688 542 750 584 non
783 541 908 604 sapere,
937 529 969 585 et
990 527 1126 583 tamena

212 606 356 688 malignis
376 606 519 666 iratribus
541 599 627 666 hene
639 607 771 668 libenter
792 614 974 687 acceptans,
997 603 1127 666 ostendit

213 707 248 749 se
267 689 372 765 mella,
394 694 509 748 uttam
531 690 693 770 insigniter
714 707 862 767 errarem,
892 707 953 769 quo
975 688 1084 748 liceret
1102 689 1127 748 ei

213 779 322 831 eontra
342 789 393 831 me
412 772 555 852 gloriari,
578 791 668 852 quam
690 779 722 832 ut
745 791 817 832 vera
839 791 990 852 saperem.
1034 769 1127 845 Quam

211 854 469 935 pulchrafaissst
496 854 648 914 modestis
665 851 816 932 Enniana,
845 856 870 914 si
896 856 963 915 istis
991 852 1127 914 iratribus

210 937 384 1015 restitisset,
406 936 527 997 disens:
549 937 672 997 Falsum
694 957 751 999 vos
765 937 876 1014 dicitis,
886 937 1008 998 llurtioi
1020 937 1129 1017 seripte

211 1019 283 1164 lippi,
305 1039 366 1081 non
388 1020 432 1082 ita
453 1021 542 1099 sapit,
565 1019 623 1080 sed
642 1021 729 1080 iuxta
740 1019 937 1082 Bernardum.
985 1019 1056 1080 Boe
1078 1037 1128 1100 pro

259 1121 317 1163 oro.

142 1217 148 1226 ·
294 1184 453 1262 Ceterum,
494 1185 581 1244 huius
619 1185 838 1266 propositionis
868 1186 1018 1266 originem
1055 1189 1127 1264 pito

211 1285 291 1340 esse,
312 1268 395 1348 quod
417 1268 540 1347 saepius
562 1267 670 1345 doeui,
693 1267 774 1328 bona
797 1287 908 1348 opera,
943 1287 1024 1348 quae
1045 1274 1129 1328 extra

211 1352 340 1430 gratim
352 1349 439 1427 liunt,
461 1350 534 1409 nihil
549 1369 633 1411 esse:
657 1351 778 1428 deindo,
802 1351 859 1411 soli
878 1349 959 1424 fluet,
981 1351 1048 1411 sine
1061 1369 1128 1430 ope·

211 1433 294 1493 ribus
325 1433 420 1514 legis,
453 1434 539 1492 iuxta
569 1433 693 1493 Paulum
726 1434 815 1494 tribui
848 1430 1003 1493 iustitiam.
1054 1433 1127 1493 'l'nm

210 1515 319 1576 iratres
350 1515 411 1594 itti,
442 1533 543 1594 neque
574 1515 646 1594 quid
671 1532 766 1597 opera
797 1516 889 1596 legis,
927 1535 1029 1595 neque
1060 1515 1128 1594 qnid

211 1615 308 1680 opera
329 1597 412 1658 bone
433 1597 621 1678 significent,
656 1599 756 1677 noso,
793 1617 849 1680 pro
873 1599 1017 1678 operibus
1039 1599 1127 1678 legis,

211 1697 291 1760 qnae
303 1682 477 1742 assessoris
495 1699 556 1742 non
575 1687 654 1758 sunt,
675 1681 738 1741 imo
757 1682 850 1742 noxia
862 1691 941 1759 sunt,
964 1689 1128 1764 posuerunt

211 1781 305 1843 opera
327 1763 421 1824 hona.
462 1763 541 1824 Nom
565 1763 638 1842 quid
661 1764 699 1828 de
721 1764 790 1844 lege
812 1770 865 1824 aut
887 1763 1033 1844 operibus
1054 1765 1127 1844 legis

211 1847 334 1922 seirent,
356 1846 465 1926 quibus
477 1846 630 1926 professio
652 1851 700 1907 est
720 1845 794 1906 nihil
809 1846 888 1906 velle
906 1846 1036 1922 discere,
1058 1847 1126 1906 nihil

211 1930 300 2007 seire,
324 1928 377 1988 sed
394 1930 528 1989 visiones
550 1930 659 2009 eapitis
682 1930 728 1990 sui
750 1946 807 2010 pro
828 1929 944 2010 pugillo
973 1929 1079 1990 hordei
1100 1937 1128 1989 et

210 2011 359 2091 fragmine
380 2012 468 2096 penis
495 2014 546 2088 (nt
567 2011 736 2072 Ezechielis
760 2011 859 2073 verbis
882 2009 1001 2094 dinam)
1027 2013 1125 2071 miser·

209 2094 285 2156 rimo
310 2094 425 2175 populo
440 2090 615 2176 'inculeare

497 2229 565 2291 sut
586 2195 661 2310 sigo
684 2188 850 2293 serianth:

293 2346 362 2407 lion
385 2354 455 2407 sunt
487 2348 677 2418 necessaria,
711 2348 773 2409 imo
804 2352 875 2421 sunt
907 2346 1002 2407 noxia
1034 2366 1124 2429 opera

211 2428 288 2506 legis
310 2430 532 2510 uniuscunque,

282 2512 347 2571 sed
381 2515 556 2573 necessaria
586 2520 658 2573 suot
689 2518 720 2573 et
753 2511 886 2573 salubria
918 2530 1014 2593 opera
1048 2510 1125 2571 bona

212 2612 424 2674 quaeeunque.

381 2791 584 2855 Artieulus
606 2793 749 2857 tertius
772 2790 956 2855 desimus.

292 2918 391 2979 Deum
412 2920 610 3002 pmeoepisse
629 2920 746 2981 homini
766 2918 978 3001 impossibilia.

293 3000 351 3061 Hie
372 3001 483 3063 multas
506 3002 683 3063 souvehens
700 3003 878 3063 autoritates
891 3002 1075 3083 Seripturne,
1096 3004 1122 3061 in

211 3082 320 3163 quibus
341 3085 445 3164 iugum
460 3084 571 3147 Christi
587 3085 667 3162 leve,
689 3085 795 3145 Matth.
820 3086 879 3163 ll„
901 3084 1048 3145 mandata
1067 3102 1122 3144 non

210 3168 316 3246 grevia
341 3170 368 3230 1.
390 3166 502 3228 lohan.
524 3172 553 3232 5.
574 3166 686 3247 Quas,
709 3167 898 3247 dispeream,
919 3167 977 3227 uisi
1000 3166 1124 3243 simulet,

211 3256 264 3308 ant
285 3251 407 3330 penitus
428 3251 558 3331 ignoret,
581 3250 653 3329 qnid
671 3250 774 3310 velint.
803 3249 875 3311 Dixi
897 3249 1123 3331 supraliooium

210 3350 330 3392 mesum
353 3333 482 3410 sentire,
505 3330 587 3474 pund
610 3332 737 3392 liberum
767 3331 920 3393 arbitrium
944 3332 1012 3392 sine
1031 3333 1125 3413 gratis

211 3432 272 3474 nou
297 3414 386 3490 valet,
408 3415 505 3474 nisis
533 3414 748 3494 'pensandum
793 3410 1045 3493 Obsecro;·quae
1067 3423 1125 3473 ten·

212 3493 281 3554 dem
304 3500 351 3556 est
372 3496 459 3557 tabes
481 3496 723 3565 tanta'invidias
741 3498 821 3556 hano
841 3504 968 3575 nostrae
988 3496 1124 3557 miseriae

211 3581 241 3633 et
262 3577 462 3655 impotentise
484 3576 849 3638 seientiamabsonndsre
872 3598 891 3637 n
911 3576 1056 3638 iratribus
1078 3596 1125 3637 no·
1164 3615 1167 3621 ·

211 3655 304 3713 stris?
336 3656 367 3717 Si
393 3676 456 3717 non
479 3658 561 3719 valet
581 3661 640 3719 nisi
661 3678 793 3739 peoesre
824 3660 935 3734 homo,
954 3658 1124 3739 ·quomodo

210 3749 273 3823 non
293 3743 363 3795 sunt
382 3739 585 3817 impossibilia
597 3743 626 3801 ei
644 3740 906 3803 omniamsndata
919 3740 999 3802 neit
1023 3742 1125 3803 Pereat

211 3817 269 3871 rste
290 3816 452 3881 maledieta
467 3821 673 3901 sophistarum
686 3823 851 3903 simulatio,
874 3829 905 3885 et
917 3820 1125 3907 dissimulatio,
