2600 4300
398 256 571 358 samum.
591 303 820 362 suu-uiuum.
1029 265 1076 392 35

155 469 968 636 ppfifflhptegprzepp’dpppuppppifflwm
988 473 1072 620 iffi

153 633 298 716 ieineepe
329 645 454 715 praeter
478 636 582 700 divum
601 637 754 700 ‘l'homam
780 639 856 704 nihil
876 641 983 720 ponis,
1010 641 1070 702 nisi

154 716 232 795 quod
253 717 424 798 aliquando
446 738 495 782 me
517 721 665 784 eonrieiia
686 723 862 802 insectaris,
885 723 998 802 ubique
1019 741 1071 786 au·

152 800 409 866 teminvidioaum
421 798 560 883 pontifici
571 823 621 864 me
633 803 737 866 faeere
757 804 882 883 studea.
895 805 950 867 aad
971 811 1068 870 uana-

152 882 249 946 tfflssm
268 882 413 948 brevitet.
591 916 596 948 2

173 996 177 1004 ·
225 966 392 1030 Deoimam
414 988 531 1030 nonam
551 971 741 1049 praeteriens
762 970 840 1032 diois
860 970 958 1049 idem,
986 970 1072 1050 quod

148 1067 240 1130 ,supra
266 1049 311 1112 ad
337 1049 491 1114 deeimam
516 1059 654 1130 quartum
689 1060 720 1114 et
751 1054 902 1118 deeimem
935 1055 1071 1134 quintam
1129 1111 1134 1116 .

151 1130 262 1209 dixisti,
282 1151 346 1211 quo
369 1141 402 1196 et
421 1153 481 1215 ego
503 1142 534 1196 te
553 1137 687 1197 remitto.

227 1214 351 1278 Contra
376 1218 556 1280 vicesimam
583 1217 677 1298 dieis,
700 1234 859 1280 *summum
892 1218 1071 1298 pontilloem

150 1315 242 1376 posue
269 1300 427 1362 remittere
451 1319 586 1381 poenam
613 1308 677 1364 tam
697 1302 873 1380 impositum
894 1321 986 1382 quam
1007 1319 1070 1362 nou

151 1382 336 1460 impositam,
357 1389 392 1444 ut
413 1382 525 1446 edoaet
545 1383 634 1445 dirus
656 1384 800 1461 Thomas,
823 1387 998 1464 oppositum
1018 1403 1071 1446 au·

150 1470 206 1524 tem
237 1464 344 1528 dicere
375 1472 437 1539 est¹
452 1466 658 1546 haereticum,
686 1473 717 1528 et
743 1473 852 1528 eontra
878 1467 1069 1548 privilegium

150 1545 253 1608 dilium
273 1547 377 1611 ΡΘῘῘΟ.
526 1603 530 1611 ,
1033 1586 1037 1610 t

227 1653 435 1732 Respondeoz
456 1654 556 1735 Neg0,
573 1661 611 1715 'et
632 1657 712 1716 ratio
733 1652 866 1736 negandi
885 1655 967 1722 dieta
979 1675 1071 1735 snpra

149 1735 351 1795 eoneluaione
372 1738 484 1817 quinta.
519 1737 698 1798 Haeretieus
721 1741 822 1799 autem
844 1755 909 1817 ero,
931 1740 966 1817 si,
988 1745 1070 1819 post-

151 1835 238 1895 quam
262 1817 399 1879 eeclesia
420 1820 677 1900 determinaverit,
700 1839 762 1882 nou
783 1827 922 1884 tenuero.
1072 1819 1075 1826 ’

229 1922 281 1984 Ad
313 1925 491 1986 vicesimam
523 1928 652 2008 primam
682 1945 730 1985 me
767 1923 908 1988 oonvieio
946 1925 1069 2008 pungis,

149 2003 216 2065 ideo
238 2010 378 2068 transeo.

227 2105 281 2169 Ad
303 2107 481 2171 vicesimam
503 2101 732 2191 secundamea
752 2107 845 2191 dieis,
877 2127 957 2189 quaa
978 2126 1070 2190 supra

151 2190 350 2253 oonelusione
372 2192 478 2273 quinta
498 2201 570 2254 suut
590 2194 757 2257 confutate.
798 2178 888 2274 Nego
911 2210 980 2255 esse
1009 2192 1068 2256 iro·

151 2281 212 2334 tum
232 2281 266 2333 et
286 2271 458 2338 doctrinam
479 2274 645 2357 eeclesiae,
669 2276 799 2345 relaxari
820 2294 939 2357 poenas
959 2293 1068 2357 purga

152 2356 216 2415 torii
243 2376 302 2435 per
331 2358 413 2416 viam
445 2356 671 2439 indulgentiae,
710 2377 893 2443 quamquam
925 2354 1068 2435 admiror,

151 2437 230 2519 quod
249 2439 332 2500 hane
353 2442 598 2521 propositionem
619 2462 683 2505 non
706 2440 936 2523 approbaveris,
958 2442 1009 2523 qui
1022 2460 1069 2501 su-

151 2522 249 2601 perins
270 2520 405 2583 docuisti
427 2529 458 2583 et
478 2522 651 2602 admisisli,
685 2527 803 2587 animes
830 2524 863 2589 in
888 2525 1067 2607 purgatorio

153 2623 212 2665 uon
232 2605 357 2669 solvere
378 2607 544 2672 canonieus
564 2626 698 2689 poenas,
726 2614 760 2671 ut
787 2608 861 2671 dieit
894 2626 964 2672 mea
989 2606 1068 2669 haee

152 2688 331 2767 propositio.

229 2787 279 2851 Ad
307 2789 485 2851 rieesimam
513 2792 634 2853 tertiam
661 2792 757 2871 longo
779 2790 942 2855 uerborum
970 2796 1069 2854 treotu

141 2872 261 2950 'repetis
289 2872 338 2951 id,
372 2872 455 2951 quod
485 2892 577 2955 supra
603 2881 765 2937 tractatum
787 2880 844 2935 est
855 2874 1069 2953 propositione

154 2961 237 3025 sarta
256 2954 297 3014 de
318 2957 474 3020 attritione
485 2967 518 3019 et
539 2958 733 3034 contritione,
756 2956 838 3037 quod
860 2954 901 3019 ibi
924 2956 997 3034 diri,
1018 2956 1069 3019 lue

155 3036 262 3100 dietum
281 3045 366 3117 puta.
407 3038 478 3099 Nou
500 3047 550 3103 eet
568 3042 649 3103 enim
670 3038 901 3105 undamentum
918 3040 1069 3119 theologi·
1130 3089 1132 3094 s

155 3138 228 3199 eum,
245 3140 289 3182 ex
308 3123 412 3183 attrito
434 3120 499 3183 fleri
521 3125 686 3188 eontritum
707 3124 817 3185 virtute
838 3122 987 3200 clavium,
1011 3121 1068 3185 aed

156 3222 320 3265 erroneum.
369 3203 490 3267 Deinde
510 3207 624 3269 attritio
646 3226 702 3269 eeu
725 3204 815 3269 dolor
834 3204 887 3269 ille
908 3204 1065 3285 imperfeo

156 3293 200 3345 tus
218 3306 280 3350 nou
303 3287 353 3349 'eat
378 3288 476 3368 idem,
512 3289 596 3369 quod
628 3289 709 3351 velle
740 3286 855 3351 hahere
875 3288 1016 3351 dolorem
1037 3294 1069 3349 et

157 3371 277 3447 gratiam
298 3370 374 3450 Dei,
407 3371 463 3433 aed
483 3372 534 3433 vel
555 3379 603 3435 eat
622 3370 776 3433 simulatio
803 3370 913 3448 fallax,
936 3358 992 3433 tel
1018 3380 1067 3434 eat

156 3452 265 3515 initium
287 3455 407 3533 gratiae
427 3456 629 3534 verissimum,
652 3457 730 3517 sieut
745 3454 779 3517 B.
800 3454 987 3535 Augustinus
1008 3455 1067 3518 alt:

158 3532 343 3599 Desiderium
369 3539 488 3619 gratiae
514 3545 563 3601 est
596 3538 715 3602 initium
749 3538 882 3618 gratiae,
915 3542 948 3599 et
978 3535 1065 3603 alibi:

159 3616 240 3678 Velle
268 3638 337 3680 esse
364 3620 475 3681 iustum
506 3628 553 3681 eat
580 3640 694 3701 magna
720 3638 791 3701 para
818 3617 960 3683 iustitiae.
1002 3620 1067 3683 lma

160 3702 1067 3867 tlltlll1¹tltlrrttlrltttlttlllullllul

812 3902 856 3969 3.

341 4026 357 4058 ἱ
