2600 4300
387 328 423 382 sa
441 327 514 384 nar.
534 328 563 382 r.
580 327 647 384 sav.
668 324 817 384 rasa-ar.
1029 321 1070 388 61

227 497 280 558 Ad
304 499 535 580 sexagesimam
556 498 718 578 septimam
747 495 840 574 dicis,
873 514 922 556 me
947 494 1070 556 deserto

154 580 295 661 pontifice
317 582 411 642 etiarn
427 581 523 642 donis
541 582 664 660 spiritus
678 580 776 640 sancti
798 577 969 641 detrahere.
1002 576 1070 658 Ego

155 663 242 724 miror
260 670 294 724 te
324 683 430 724 senem
447 663 527 725 adeo
551 663 687 742 fervere,
721 669 754 722 ut
782 680 841 722 nac
874 679 923 721 me
953 679 1012 721 nec
1039 669 1071 720 te

155 746 323 828 intelligere
344 747 456 827 possis.
498 745 567 826 Ego
597 765 662 807 non
689 743 752 805 dixi
779 745 886 804 venias
916 761 979 806 non
1002 761 1071 804 esse

155 830 248 908 utiles,
270 829 326 891 sed
348 831 470 890 animae
491 848 561 889 esse
581 829 671 889 utiles
695 845 792 908 nego,
814 828 872 888 nisi
893 845 954 907 quo
977 824 1071 888 modo

155 913 292 972 licentiae
314 919 347 972 et
366 913 585 993 permissiones
618 911 709 972 utiles
737 917 825 988 sunt,
857 909 942 990 quod
969 915 1071 970 autem

113 1043 118 1052 .
155 1003 183 1054 tn
202 994 234 1055 id
254 995 478 1075 blasphemiam
501 994 596 1070 dicas,
617 993 693 1054 nihil
714 1012 798 1055 curo.

229 1077 280 1138 Ad
317 1079 542 1158 sexagesimam
571 1085 713 1138 octavam
741 1075 935 1136 excusandos
963 1094 1071 1136 censes

157 1180 223 1240 sos,
255 1162 308 1240 qui
339 1162 445 1222 venias
472 1161 658 1220 astruxerint
678 1160 827 1218 maximas
849 1160 981 1238 gratias,
1016 1157 1071 1218 sed

157 1263 206 1324 per
225 1243 427 1324 hyperbolen,
470 1242 625 1324 Obsecro,
659 1259 712 1302 cur
742 1248 773 1302 et
800 1260 850 1302 me
878 1259 941 1302 non
969 1239 1086 1319 aliqua*

159 1326 247 1407 ligura
274 1345 385 1387 censes
419 1325 642 1402 excusandum,
675 1325 727 1403 qui
761 1323 835 1385 nihil
863 1342 984 1401 assem,
1016 1323 1071 1384 sed

160 1410 250 1470 solnm
272 1409 419 1489 disputo?
440 1408 501 1468 Cur
522 1409 577 1468 tihi
598 1407 683 1486 facis,
706 1406 789 1486 quod
807 1407 881 1466 mihi
896 1425 959 1467 non
975 1406 1071 1466 lacis?

160 1491 280 1575 Deinde,
302 1494 332 1550 si
353 1497 425 1552 sunt
444 1509 500 1571 per
520 1490 712 1571 hyperbolen
732 1489 909 1567 excusandi,
933 1508 987 1549 cur
1008 1507 1070 1550 uon

161 1577 244 1635 ctiam
265 1581 337 1634 sunt
357 1594 413 1654 per
434 1573 624 1654 cyrologiam
646 1571 833 1634 accusandi?
868 1591 936 1632 oum
959 1573 1071 1632 veritas

160 1659 210 1718 hac
228 1657 328 1738 ligura
348 1676 439 1736 quarn
472 1659 606 1716 maxime
641 1655 792 1736 gandeat,
829 1661 860 1716 et
886 1656 955 1735 ipsa
980 1673 1071 1734 quarn

160 1741 267 1820 optime
300 1741 438 1800 veritatis
469 1740 613 1800 doctores
640 1737 766 1814 deceat,
793 1738 878 1799 illam
898 1757 989 1816 vero,
1021 1737 1072 1800 ubi

159 1829 272 1902 potest,
301 1823 435 1902 fugiant,
469 1823 532 1883 imo
560 1823 591 1882 id
625 1823 715 1882 unice
747 1839 873 1900 queror,
907 1821 990 1900 quod
1017 1840 1073 1900 psr

159 1905 342 1986 hyperbolen
365 1913 436 1965 sunt
455 1905 560 1966 locuti.
589 1905 621 1966 Si
647 1911 749 1964 autem
778 1905 866 1965 vohis
889 1905 1072 1984 permittitis,

159 1991 195 2048 mi
220 1989 257 2050 R.
287 1988 340 2065 P.,
378 1989 543 2068 improprie
578 1994 609 2047 ct
637 1986 853 2067 hyperbolice,
887 1998 919 2047 et
946 2005 1071 2066 quoquo

160 2070 244 2132 modo
266 2070 389 2132 libuerit
404 2070 497 2151 loqui,
519 2089 572 2130 cur
590 2089 654 2130 non
668 2077 699 2130 et
712 2071 858 2132 loannem
869 2069 1071 2130 Renoblinnm

159 2158 303 2235 integrum
337 2161 370 2214 et
390 2153 541 2215 eruditum
562 2156 659 2213 virum
689 2153 797 2214 eadem
818 2155 975 2233 aequitate
995 2161 1071 2215 trac·

159 2240 253 2317 tastis,
288 2245 320 2297 et
352 2237 456 2316 aliqua
483 2235 580 2317 ligura
602 2256 673 2296 eum
694 2236 930 2309 excusastis¹)‘l
963 2236 1026 2297 Aut
1047 2239 1072 2297 si

161 2323 188 2381 in
208 2322 290 2381 hunc
313 2328 375 2379 tam
406 2318 497 2400 rigidi
522 2319 621 2381 fuistis
643 2337 804 2398 censores,
832 2327 866 2379 ut
892 2321 923 2379 in
946 2318 1073 2400 syllabis
1176 2336 1180 2345 ·

161 2404 290 2464 innoxiis
312 2404 492 2464 inveniretis
512 2421 675 2481 venenum,
697 2409 779 2463 certe
800 2421 862 2463 non
884 2404 1076 2483 permittetur

162 2485 240 2548 robis
277 2494 343 2546 tarn
380 2486 466 2567 larga
497 2492 533 2547 et
563 2485 660 2545 libera
691 2484 872 2566 figurandae
910 2486 1075 2547 locutionis

164 2570 294 2648 licentia,
315 2574 351 2628 ut
370 2568 448 2629 falsa
470 2567 552 2629 dicta
573 2586 629 2648 pro
652 2568 739 2629 libito
761 2569 912 2629 seminare
935 2575 966 2629 et
985 2570 1076 2629 inter

163 2654 265 2733 pretari
296 2652 433 2731 possitis.
479 2652 543 2712 Aut
568 2652 595 2711 si
621 2670 682 2730 qua
713 2652 805 2712 venia
831 2650 920 2712 vobis
946 2650 1075 2729 dabitur,

165 2735 250 2816 dupla
269 2735 343 2795 hnic
360 2733 503 2815 debetur,
538 2741 570 2795 et
602 2752 641 2795 eo
675 2733 818 2796 absoluto
851 2752 907 2795 vos
933 2736 977 2795 rei
1009 2754 1075 2815 per·

164 2818 324 2879 manebitis.
844 2841 850 2853 ·

237 2898 381 2963 Secundo
403 2919 486 2962 nova
506 2920 579 2961 usus
609 2899 806 2961 distinctione
832 2905 922 2979 putas
952 2918 1003 2960 me
1030 2900 1074 2960 in·

168 2984 383 3061 excusabilem,
422 2983 494 3063 quia
535 2984 641 3044 venias
678 2983 897 3063 appellaverim
933 2983 1074 3043 minimas

169 3068 288 3146 gratias,
310 3086 381 3127 cnm
402 3067 465 3127 sint
486 3072 518 3126 et
538 3065 619 3127 aliae
639 3067 766 3146 gratiae,
790 3074 822 3125 et
842 3064 926 3127 dona
946 3067 1076 3143 minora,

171 3150 276 3210 scilicet
294 3149 379 3212 bona
399 3149 541 3210 fortunae
562 3155 622 3209 etc.
650 3148 684 3209 Si
705 3154 809 3209 mente
829 3148 940 3209 fuisses
962 3148 1075 3227 quieta,

173 3232 302 3312 uidisses,
333 3250 387 3293 cur
413 3232 491 3293 haec
518 3231 704 3311 addiderim,
733 3230 773 3291 ad
801 3233 931 3312 gratiam
959 3232 1015 3292 Dei
1045 3238 1077 3292 et
1121 3286 1123 3291 .

175 3317 258 3376 crucis
282 3317 427 3398 pietatem
457 3320 664 3395 comparatae.
713 3314 780 3395 Ego
813 3314 1076 3393 comparationem

175 3398 224 3459 feci
246 3398 283 3459 ad
308 3417 446 3477 crucem,
480 3398 561 3459 banc
592 3398 679 3478 quasi
713 3416 777 3458 non
805 3396 927 3476 videas,
962 3416 1075 3457 novam

178 3483 421 3562 comparationem
442 3481 518 3541 facis
547 3480 586 3541 ad
614 3481 698 3542 bona
726 3480 874 3543 fortunae.
917 3479 949 3542 Bi
971 3480 1016 3540 sic
1036 3480 1077 3541 ad

179 3565 350 3644 iniquitatem
372 3571 403 3627 et
425 3563 608 3625 calumniam
631 3570 749 3625 tanturn
770 3563 895 3645 vigilas,
923 3565 991 3643 quis
1023 3582 1077 3645 po·

181 3649 237 3707 terit
253 3648 304 3709 tibi
324 3667 419 3709 verax
439 3646 545 3707 videri.

225 3829 253 3895 1)
271 3830 300 3882 In
318 3829 359 3885 ed.
379 3829 454 3885 lan:
474 3830 623 3885 excusatis.
668 3854 675 3879 i
