2600 4300
400 341 436 397 ns
451 341 554 395 erato
569 340 816 411 rennuendum
998 333 1059 404 ott
1120 312 1129 331 ’

141 512 192 572 sed
224 513 288 574 hoa
321 514 487 594 gemimus,
520 513 604 594 quod
636 529 740 573 veras:
753 512 914 591 reliquias,
946 512 1062 573 sailiest

139 598 302 674 passiones
327 608 358 657 et
378 616 502 671 orases,
534 614 614 678 quaa
642 594 911 657 aanwneavemnt
939 610 1010 655 ossa
1033 604 1064 655 et

138 678 284 758 reliquias
315 690 500 761 martyrum,
531 689 561 739 et
582 685 668 739 tanta
702 678 898 739 veneratione
925 677 1063 739 fecerunt

137 762 240 840 digna.
270 762 318 823 lta
329 765 494 840 nescimus,
515 775 549 822 ut
569 772 636 822 nos*
655 761 754 822 solum
777 779 839 821 non
863 768 1060 841 uooeptemas

137 843 259 905 oblatas
288 846 387 925 dorni,
420 846 476 907 sed
503 840 775 905 summisviribns
801 843 1000 923 repellamus,
1030 854 1061 905 et

136 946 360 1007 persequamur
393 928 432 989 de
463 930 532 989 loro
559 930 591 987 iu
624 928 742 1004 losum,
780 946 847 987 enm
879 927 1060 989 deberemus

136 1030 258 1070 summa
278 1012 337 1072 ant
357 1021 388 1072 et
415 1013 538 1093 iugibus
567 1012 701 1070 lacrimis
730 1010 760 1069 id
784 1008 865 1091 apud
888 1006 986 1071 Deum
1008 1028 1062 1092 po·

135 1094 332 1176 stulare„ut
363 1096 507 1155 darentur
536 1095 625 1154 nobis
654 1104 715 1153 tam
738 1095 892 1174 pretiosae
915 1094 1061 1174 reliquiae

136 1176 248 1236 Christi
293 1180 429 1239 omnium
474 1175 715 1253 sacratissimae,
758 1185 902 1255 tanquam
946 1178 1059 1238 donum

99 1272 103 1280 ·
135 1260 307 1321 eleotorunr
329 1262 388 1321 Dei
409 1261 551 1323 liliorum.
594 1259 647 1323 ete
667 1259 745 1322 Paul.
766 1259 847 1338 llil)
881 1260 998 1321 titulum
1028 1264 1057 1321 ln

134 1342 373 1404 Ebraeoiertnr
390 1344 512 1422 habere,
534 1342 696 1446 chiffl),
719 1343 802 1421 qnod
820 1362 926 1403 aurum
939 1345 1059 1424 insigne

135 1455 220 1515 velut
244 1457 459 1517 munusculum
481 1444 649 1537 intelligas,
673 1474 740 1517 eum
763 1450 804 1514 ibi
828 1474 889 1515 non
912 1456 968 1515 nisi
990 1476 1060 1536 pas·

134 1539 179 1597 sio
204 1539 319 1599 Christi
350 1548 485 1599 canatur.
528 1540 567 1599 Et
595 1539 675 1600 Psal.
697 1536 917 1599 Testimonium
943 1539 1059 1621 Asaplr,

135 1621 219 1699 quod
243 1623 354 1681 eruditi
378 1614 484 1683 voluht
507 1623 609 1703 potius
626 1621 728 1683 locale
739 1620 855 1703 Asaph,
878 1640 932 1681 seu
945 1622 1058 1683 donum

133 1704 318 1765 deliciosum
342 1705 448 1785 Asaph
469 1706 649 1787 intelligere.
694 1704 733 1764 Et
761 1700 802 1763 ibi
825 1714 927 1765 tamen
952 1704 1057 1766 Crucis

133 1797 285 1865 personat
308 1789 449 1869 hymnus.

218 1868 300 1945 Quin
330 1884 391 1931 tam
415 1880 540 1932 sanotae
562 1878 632 1931 sunt
654 1870 801 1931 eiusmodi
832 1870 994 1950 reliquiae,
1028 1880 1058 1931 et

134 1965 194 2010 tarn
220 1954 349 2033 pretiosi
371 1954 522 2029 thesauri,
550 1962 583 2013 ut
604 1954 675 2014 curri
697 1952 776 2013 aliae
799 1954 918 2033 possint
944 1956 1058 2014 servari

134 2037 161 2093 in
186 2044 280 2114 terra,
305 2045 358 2097 aut
380 2046 409 2095 ut
432 2036 739 2097 honorificentissime
762 2036 790 2094 in
810 2054 895 2113 auro,
919 2044 1058 2117 argento,

134 2120 283 2197 gemmis,
315 2122 428 2190 serien,
461 2121 520 2182 bae
552 2139 613 2181 non
640 2128 770 2201 possunt
798 2120 913 2180 servari
940 2120 998 2180 nisi
1026 2122 1055 2182 in
1133 2185 1135 2196 Ι

135 2203 333 2282 coelestibus,
357 2205 444 2279 vivis,
466 2203 682 2282 rationalibus,
702 2200 940 2282 immortalibus,
964 2205 1057 2286 puris,

134 2288 250 2345 sanetis
273 2287 458 2362 servasulis,
489 2287 519 2346 id
542 2294 602 2365 est,
632 2283 775 2346 sordibus
798 2285 949 2365 fidelium,
973 2288 1055 2348 omni

131 2386 205 2428 auro
236 2376 267 2428 et
297 2389 421 2448 gemma
447 2369 709 2430 inaestimabiliter
731 2367 971 2448 pretiosioribus.
1015 2373 1055 2434 ut

131 2469 213 2510 nune
238 2452 318 2512 adeo
342 2452 427 2511 deest
448 2451 525 2512 fides
554 2452 653 2535 vulgi,
682 2471 742 2531 qua
768 2451 847 2526 hano
874 2451 1053 2532 religionem

132 2535 236 2594 talium
261 2535 457 2630 reliquiarum
481 2535 578 2614 colat,
610 2543 642 2595 nt
673 2535 763 2594 etiam
798 2535 907 2594 summi
930 2537 1054 2616 quidam

132 2615 298 2696 pontifices
320 2628 442 2678 autores
461 2626 491 2680 et
503 2619 596 2679 duces
612 2619 657 2678 eis
680 2617 790 2676 suerint
811 2635 872 2678 non
896 2619 988 2680 modo
1011 2641 1054 2680 re·

132 2699 360 2780 pellendorum,
394 2699 564 2782 sedetiam
583 2701 880 2782 persequendarum,
903 2701 999 2785 ade0,
1022 2711 1055 2764 ut
1084 2719 1086 2722 ·

131 2782 247 2842 'loreas
271 2803 381 2843 vorare
403 2784 563 2864 voluerint,
587 2784 697 2844 deinde
719 2791 748 2842 et
764 2785 847 2862 ipsos
863 2783 1052 2846 Christianos

132 2867 159 2924 in
182 2867 333 2946 peiorem,
356 2886 447 2945 quam
469 2867 577 2927 inferni
601 2868 829 2927 damnationem
846 2872 1053 2929 excommnni-

133 2967 212 3026 oare,
235 2951 339 3029 polius
361 2969 453 3028 quam
473 2950 589 3031 ⁴vellent
610 2949 735 3010 obulum
758 2953 804 3010 sui
820 2969 937 3022 ,oeneus
953 2955 1053 3013 remit·

134 3041 206 3112 tere,
230 3033 343 3092 nedum
367 3033 499 3092 nominis
521 3038 574 3094 aul
591 3034 728 3112 eorporis
742 3033 880 3094 iniuriam
894 3037 1051 3097 sustinere.

135 3112 189 3190 Qui
231 3123 335 3176 tamen
370 3117 488 3175 interim
528 3116 723 3177 nihilominus
765 3125 935 3178 cataractas
974 3119 1054 3178 ooeli

134 3204 328 3277 aperuerunt,
340 3206 370 3257 et
386 3191 609 3258 inundaverunt
624 3196 782 3259 thesauros
797 3199 1052 3281 indulgentiarum

134 3287 161 3338 et
182 3281 362 3341 meritorum
385 3279 511 3358 Christi,
540 3281 582 3341 ila
610 3288 642 3342 ut
671 3289 702 3342 et
730 3282 790 3343 hoe
819 3281 932 3343 diluvio
954 3303 1051 3364 prope

133 3363 168 3420 sit
198 3365 408 3443 pessundatus
440 3363 522 3426 orbis
556 3363 762 3446 Christianus,
799 3367 856 3426 nisi
896 3385 944 3426 me
975 3363 1051 3426 fallit

133 3443 205 3505 fides
229 3440 310 3509 mea'.
980 3453 983 3460 '

210 3527 390 3610 Theologns
412 3536 485 3592 uero
507 3529 625 3611 gloriae
650 3529 781 3608 (idest,
813 3531 864 3612 qui
895 3551 957 3592 non
981 3539 1049 3594 oum

135 3613 276 3692 apostolo
294 3612 409 3690 ⁴solunt
440 3609 619 3710 crucifixum
650 3619 682 3674 et
709 3613 921 3674 absconditum
952 3615 1048 3678 Deum

201 3841 234 3908 1)
255 3841 287 3894 In
310 3841 354 3900 ed.
372 3844 478 3912 prinu:
500 3843 557 3900 15st
576 3844 610 3910 2)
630 3843 661 3898 ln
680 3843 724 3899 ed.
740 3845 814 3902 dem:
832 3846 969 3902 llislrtsrn.
