2600 4300
381 316 417 373 ἃ·
433 318 536 373 ’Μ
550 313 804 389 mm·
988 310 1054 381 md

133 485 283 631 ¹retii-cto
303 510 324 551 a
343 490 504 551 calumniis
525 495 581 551 aut
599 494 685 551 astte
696 489 814 570 argutis
823 486 1063 567 questionibus·

142 590 300 633 πωπω·
619 622 624 629 .
821 612 824 621 ·

208 653 281 738 Etsi
302 657 393 717 mim
415 656 475 717 mci
497 655 772 731 notescendum,
793 654 935 733 inopium,
971 652 1050 715 bias·

131 737 274 817 phemum
297 739 357 801 iarn
380 738 483 799 inuitis
498 737 762 815 dicbuaoiamant,
784 735 866 816 quod
889 736 1052 797 eccleciam

132 819 240 881 Christi
262 828 297 882 et
326 823 493 901 scripturas
514 828 638 888 unctas
670 839 735 881 non
754 827 876 881 teneam
898 818 1054 881 mmoltw

131 922 230 979 sensu,
253 922 317 985 ego
340 911 443 967 umen
464 904 560 965 notus
577 903 768 965 conscIsntiu
792 900 976 972 messenedo
998 920 1063 962 eost

131 985 199 1064 salii,
225 1006 278 1047 me
302 1007 375 1049 vero
396 987 526 1067 diligere
544 986 709 1048 ecclesiam
722 984 834 1046 Christi
857 991 888 1045 et
908 984 1054 1045 decorem

131 1070 201 1128 eins.
246 1068 309 1143 Qui
342 1079 444 1131 antem
466 1089 516 1130 me
538 1069 666 1146 indicat,
703 1062 853 1129 Domitius
886 1074 949 1144 est,
981 1068 1054 1129 lieet

130 1152 200 1210 nihii
223 1152 301 1211 mihi
321 1154 463 1227 coupoins
496 1154 564 1212 sito.
614 1152 655 1212 Et
681 1150 751 1212 idco
780 1152 854 1211 istas
883 1151 1053 1231 positiones

131 1251 235 1295 ornnes
259 1236 368 1317 coegit
388 1254 438 1297 uic
454 1251 582 1315 ponere,
603 1232 846 1313 quodviderem
869 1232 948 1294 alios
970 1232 1053 1293 salsis

130 1317 331 1396 opinionibus
364 1317 463 1395 infici,
506 1318 586 1378 aiios
622 1336 679 1399 per
706 1316 850 1377 tabernas
881 1314 989 1413 ridere²
1023 1320 1055 1376 et

129 1407 268 1459 sanctum
302 1401 506 1462 sacerdotium
536 1400 688 1461 ecciesiae
723 1400 885 1460 manifesto
922 1398 1053 1459 ludibrio

130 1483 259 1561 habere,
290 1484 456 1545 occasione
483 1490 545 1543 tam
575 1480 692 1543 effusae
712 1480 855 1543 licentiae
876 1480 1054 1563 praedican-

130 1565 233 1625 darnm
271 1567 440 1627 veniarum.
483 1566 553 1627 Non
583 1572 649 1627 erat
675 1565 785 1647 vulgus
813 1564 959 1625 laicorum
993 1584 1056 1625 am·
1137 1614 1149 1625 .

131 1648 226 1728 piiorc
248 1650 419 1710 occasione
446 1650 478 1709 in
510 1648 583 1709 odia
619 1648 814 1709 sacerdotum
849 1646 1055 1725 excitandum,

131 1731 298 1811 quodiam
321 1751 340 1810 a
361 1732 464 1793 multis
485 1734 574 1793 annis
596 1738 723 1812 propter
752 1730 912 1791 avaritiam
935 1740 966 1791 et
988 1748 1055 1811 pes·

132 1817 222 1875 simos
247 1833 352 1877 mores
374 1814 465 1877 nubta
488 1814 639 1878 offensum
664 1814 742 1890 (hen
765 1814 832 1875 solo
851 1815 961 1875 timore
982 1831 1055 1895 poe·

132 1895 206 1980 nae)
232 1896 370 1959 honorat
392 1893 609 1965 sacerdotium.

340 2150 344 2158 ι
386 2032 601 2125 consuunt
628 2048 829 2123 murino.¹

207 2191 277 2261 ,Gur
312 2209 394 2272 papa
428 2209 491 2251 non
526 2195 656 2252 evacuat
692 2189 899 2270 purgatorium
931 2193 1058 2270 propter

135 2275 357 2336 muctisaimani
381 2275 539 2335 cantatam
568 2279 599 2333 et
630 2289 779 2330 summam
808 2271 976 2331 animarum
1006 2289 1056 2331 ne-

137 2360 312 2420 cessitatem
334 2364 368 2417 ut
388 2375 514 2419 causam
535 2356 671 2418 omnium
684 2354 891 2431 iustissImam,
914 2354 940 2412 si
960 2352 1058 2414 intini-

136 2450 178 2502 tus
198 2443 321 2502 animas
344 2439 466 2502 redimit
487 2445 614 2519 propter
634 2438 796 2517 pecuniam
818 2435 1057 2498 funestissimam

136 2525 171 2591 sd
191 2531 377 2589 structuram
399 2521 545 2584 basilicae
566 2524 601 2581 ut
620 2537 746 2592 causam
767 2519 984 2584 terminant·

212 2607 306 2668 Hanc
324 2605 537 2686 quaestionem
566 2623 630 2666 uon
660 2622 756 2682 papa,
789 2602 844 2664 sed
877 2609 1068 2680 quaestores,

138 2692 281 2769 exdtant,
303 2691 386 2769 quis,
408 2695 440 2751 ut
461 2686 640 2767 supradixi,
663 2705 813 2764 nusquam
825 2686 936 2765 iegitur
947 2686 1057 2746 mmmi

138 2772 288 2853 pontificis
310 2791 403 2852 super
428 2771 487 2830 hac
505 2789 540 2830 re
574 2769 669 2828 ulium
702 2767 875 2846 decretum,
907 2767 979 2828 ideo
1013 2787 1058 2830 re·

138 2853 311 2936 spondeant
331 2855 376 2916 ilii
397 2853 438 2916 ud
459 2872 547 2929 eam,
576 2852 629 2931 qui
650 2851 886 2914 suscitaverunt.
977 2869 996 2912 ο
1018 2849 1057 2911 ud

140 2959 242 3003 omues
270 2940 348 3000 istas
375 2937 574 3016 quaestiones
611 2953 683 2998 uno,
709 2934 803 2994 verbo
837 2951 949 3013 respon
972 2934 1059 3011 erim,

140 3030 281 3102 quantum
305 3039 360 3102 pro
382 3017 562 3099 pontificum
584 3017 703 3078 honore
731 3015 795 3080 ficri
826 3022 944 3096 potest,
977 3016 1059 3078 vide

140 3107 206 3168 licet
225 3103 312 3186 qnod
335 3121 427 3164 nemo
451 3121 507 3163 eos
530 3100 675 3161 informat
692 3099 736 3160 rei
758 3099 928 3178 veritatem,
950 3106 982 3160 et
1002 3099 1059 3160 ire·

141 3196 263 3268 quenter
285 3185 330 3265 ut,
351 3191 385 3246 ut
399 3183 486 3246 male
507 3181 700 3244 narrantibus
723 3181 804 3244 mala
826 3181 1009 3246 concedant

373 3348 598 3412 ConclusIo
618 3345 820 3410 LXXXIII.

217 3475 282 3540 cus
301 3481 484 3556 permanent
509 3475 676 3556 exsequiae
709 3483 741 3536 et
767 3473 976 3533 anniversaria
1009 3471 1059 3532 de·

143 3559 328 3636 tunctorum,
351 3566 383 3619 et
402 3575 466 3618 non
487 3557 588 3618 reddit
608 3563 662 3618 aut
683 3558 777 3636 recipi
798 3555 947 3636 permittit
968 3555 1060 3616 bene·

145 3641 208 3704 dcis
226 3661 285 3723 pro
304 3639 368 3702 iilis
387 3643 543 3718 instincta,
572 3654 641 3700 cnm
665 3640 705 3699 sit
725 3641 784 3698 iam
807 3637 916 3698 iniuria
936 3655 992 3717 pro
1015 3657 1060 3698 re·

146 3724 271 3806 demptis
293 3723 406 3784 orare?
973 3761 984 3772 .
1198 3766 1201 3772 .

217 3807 334 3868 Iiultos
366 3807 433 3868 scip
453 3806 515 3866 ista
547 3805 729 3884 quaestione
758 3803 905 3882 fatigatos
931 3819 1061 3880 mecum,
1100 3843 1114 3875 .

168 3919 746 3975 mummp.v.aam.nanp.vor.1n
819 3920 883 3982 ¹19
