2600 4300
256 312 336 383 160,
510 314 710 371 uastam
726 316 828 385 disput
847 316 928 373 Lutb.

256 485 447 568 significatae
467 492 539 546 sunt
557 486 792 549 iustificationes
813 489 845 547 in
867 489 983 569 spiritu,
1004 494 1036 549 et
1056 490 1166 549 mundi-

255 572 316 631 tiae
338 569 449 646 cordis,
471 586 547 648 quas
568 570 737 634 ministerio
761 572 835 631 nori
853 572 1019 633 sacerdotii
1033 578 1167 652 operatur

254 655 286 715 in
309 652 441 713 ecclesia
462 652 610 715 cbristus.
729 668 732 679 ·

337 734 530 815 Quamquam
566 737 658 817 igitur
686 743 804 798 sextsm
843 737 1076 799 conclusionem
1108 740 1169 817 ipse

255 838 317 880 non
338 820 430 898 posui
452 838 491 879 ex
513 820 627 898 animo,
649 826 683 880 ut
704 820 768 880 dixi
788 819 923 899 ibidem,
944 820 999 881 sed
1023 822 1096 900 quia
1123 821 1170 881 alii

255 904 300 963 sic
326 904 477 979 sentiunt,
509 908 612 962 tamen
642 902 715 982 quia
742 920 801 963 nec
827 904 884 983 ipsi
916 902 1086 965 adversarii
1107 922 1170 963 cum

255 985 397 1047 omnibus
418 986 481 1045 suis
498 986 652 1065 magistris
673 1004 769 1065 usque
795 986 887 1046 hodie
922 994 1056 1067 possunt
1077 994 1172 1047 osten·

157 1091 161 1097 ·
255 1068 344 1146 dere,
372 1066 530 1148 quomodo
552 1068 697 1129 sacerdos
725 1070 850 1129 remittit
871 1070 994 1149 culpas,
1027 1072 1087 1130 nisi
1107 1070 1171 1129 hae-

254 1153 389 1212 reticam,
403 1151 506 1225 illem,
537 1151 594 1211 sed
625 1152 768 1211 usitatmn
798 1154 981 1237 sententium
1009 1153 1187 1233 proferant,

255 1254 317 1314 qus
351 1235 460 1295 dicitur
491 1242 685 1294 sacramente
712 1254 814 1296 novae
846 1236 923 1316 legia
957 1235 1187 1297 iustificantem

254 1319 385 1399 gretiam
406 1317 481 1377 dare
500 1316 571 1395 illis,
593 1319 645 1395 qui
667 1336 729 1378 non
753 1325 872 1398 ponunt
894 1318 1026 1399 obicem,
1050 1336 1119 1379 cum
1139 1320 1173 1377 sit

253 1400 446 1481 impossibile
458 1408 681 1459 sacramentum
704 1402 833 1461 conferri
846 1400 1016 1480 salubriter,
1042 1403 1103 1461 uisi
1118 1403 1171 1461 iam

255 1484 458 1562 credentibus,
481 1492 512 1543 et
531 1484 618 1543 iustis
640 1492 673 1543 et
694 1484 803 1564 dignis.
831 1484 962 1565 Oportet
985 1487 1070 1545 enim
1093 1504 1187 1545 acce¹

255 1567 379 1627 dentem
415 1566 549 1626 credere.
599 1566 719 1627 Deinde
747 1588 809 1628 non
840 1579 1085 1647 sacramentum,
1124 1568 1172 1628 sed

254 1648 337 1710 fides
355 1650 538 1709 sacramenti
558 1649 711 1711 iustificat.
755 1650 828 1711 ldeo
859 1651 1000 1731 quicquid
1026 1652 1173 1713 blaterent

229 1734 386 1813 ⁸opinioei
408 1732 585 1811 sophistae,
619 1751 693 1793 vero
716 1734 843 1793 similius
866 1742 933 1811 est,
970 1734 1056 1813 quod
1080 1752 1172 1793 sacer-

255 1815 312 1876 dos
333 1834 434 1876 novae
466 1816 543 1895 legis
565 1815 702 1875 declarat
724 1816 873 1877 duntaxat
899 1826 931 1877 et
951 1816 1109 1897 approbat
1129 1836 1187 1876 so·¹

252 1898 402 1959 lutionem
425 1899 482 1957 Dei
506 1898 555 1975 (id
577 1904 646 1976 cst,
670 1900 835 1977 ostendit),
859 1906 890 1959 et
910 1898 969 1960 hcc
990 1902 1187 1961 ostensione¹

255 1987 286 2043 et
306 1964 420 2041 iridicio
443 2000 500 2040 suo
522 1982 639 2060 quietat
659 1983 881 2043 conscientiam
902 1984 1096 2062 peccatoris,
1126 1983 1171 2061 qui

255 2066 320 2125 eius
340 2064 454 2124 iudicio
475 2071 595 2123 tenetur
617 2064 752 2142 credere,
766 2072 806 2125 =et
819 2084 927 2145 pacem
945 2064 1070 2127 habere.
1097 2064 1172 2139 Quo·

254 2149 349 2210 modo
370 2158 457 2210 vetus
481 2147 510 2225 ¹)
542 2149 687 2209 sacerdos
714 2147 872 2228 quietabat
893 2169 963 2226 eos,
998 2167 1079 2228 quos
1107 2167 1172 2208 cor-

253 2251 331 2313 pore
351 2231 401 2292 vel
423 2237 511 2291 veste
531 2231 663 2293 mundos
683 2232 854 2310 iudicabat,
890 2251 958 2292 cum
981 2239 1089 2292 mmen
1110 2234 1171 2311 ipse

252 2315 369 2375 nullum
391 2321 499 2394 posset
519 2314 686 2391 mundare,
709 2333 766 2376 nec
789 2335 822 2376 se
843 2317 952 2396 ipsum.
975 2315 1070 2390 Quod
1092 2315 1169 2374 enim

252 2397 307 2458 ille
326 2400 357 2459 in
380 2397 569 2477 corporibus,
591 2397 652 2458 hoc
673 2399 732 2458 iste
752 2400 783 2458 in
797 2399 994 2460 conscientiis
1016 2406 1169 2478 operatur.

253 2481 294 2541 Et
316 2483 361 2541 sic
379 2479 547 2560 respondet
567 2481 689 2560 spiritus
712 2482 833 2562 literae,
861 2488 892 2542 et
913 2483 1027 2543 veritas
1049 2481 1170 2564 figurae.

253 2563 295 2624 Et
319 2570 467 2644 exspecto
495 2563 554 2624 bos
582 2558 753 2626 catholicae
781 2565 852 2626 fidei
874 2563 1073 2642 defensores,
1104 2582 1170 2642 quo·

253 2647 347 2708 modo
373 2648 441 2713 sine
466 2648 618 2726 pravitate
648 2648 804 2709 haeretica
826 2648 915 2710 aliter
935 2650 1056 2728 possint
1081 2665 1169 2728 expo·

253 2749 327 2792 nere
348 2731 479 2791 clarium
498 2732 652 2795 virtutem.

542 2911 761 2974 Conclusio
786 2911 881 2972 VIII.

254 3068 398 3129 Oenones
424 3065 660 3144 poenitentiales
688 3063 786 3127 solum
813 3061 987 3125 viventibus
1013 3070 1088 3124 sunt
1119 3064 1168 3122 im·

252 3152 346 3233 positi
372 3148 509 3227 nihilque
536 3150 689 3246 maritmis
718 3147 884 3246 secundum
921 3146 1048 3208 eosdem
1083 3145 1168 3208 debet

646 3250 774 3312 rmponr.

253 3365 343 3429 Hanc
369 3364 512 3444 disputo,
539 3363 597 3423 etsi
622 3359 815 3436 multisunt,
850 3359 901 3438 qui
929 3359 1077 3423 mirentur
1104 3376 1165 3418 eam

604 3463 674 3506 esse
696 3441 828 3506 dubiam.
880 3490 885 3503 .

233 3555 236 3566 ⁸
335 3577 436 3635 Primo
459 3574 605 3669 probat-ur
625 3591 681 3652 per
701 3571 906 3632 illud'itoma.
928 3575 964 3636 7:
987 3571 1052 3632 Lex
1074 3569 1163 3630 domi-

328 3829 357 3892 1)
377 3828 407 3879 ln
425 3830 468 3884 ed.
487 3832 563 3886 lem:
585 3848 674 3886 verus.
762 3843 764 3854 ’
