2600 4300
386 328 486 401 conda
501 345 566 402 nn
580 345 702 405 soum.
722 345 799 404 sess
815 344 904 401 runc.
1040 340 1101 408 sor

184 510 345 592 ποιεῖν)
361 533 536 595 praestem,
557 522 620 576 tum
637 517 841 595 promotivanr
864 515 1009 592 haeresis,
1030 529 1103 595 nugs

184 597 391 661 mentativam‘
406 599 609 677 pertineniae,
640 599 849 678 generativam
874 597 1102 678 singularitatis,

182 677 412 742 inobedientiae
434 685 466 740 et
486 680 665 742 rebellionis
695 687 804 742 eontra
831 699 980 742 summum
1001 679 1104 744 Ponti-

183 757 277 822 linem
298 768 329 822 et
349 781 438 823 saera
459 763 600 840 eoncilia,
622 771 654 825 et
675 765 720 824 sin
741 762 852 824 similia
871 763 1017 842 pulobrae
1037 761 1103 844 lati·
1178 829 1181 836 ,

183 845 289 904 nitatis
310 851 492 906 ornamenta
513 865 553 906 ex
573 848 773 926 grammatino
794 853 981 926 mntempta.

267 927 313 990 Tu
335 947 421 1000 vero,
449 929 565 1007 testor,
585 929 636 990 hio
655 927 782 990 Ennium
813 928 945 990 observo
976 933 1025 1002 (ut
1045 927 1102 992 Eo

185 1009 277 1072 dano
299 1030 385 1075 more
406 1011 589 1090 insultem),
623 1031 665 1072 aa
690 1030 760 1074 uon
791 1013 871 1072 intus
905 1017 936 1072 et
956 1016 1104 1090 extima
1162 1017 1172 1036 ²

185 1091 293 1172 planta
314 1092 402 1173 pedis
434 1093 473 1153 ad
503 1096 648 1154 verticem
675 1113 770 1174 usque
800 1094 938 1174 perinsus
960 1099 1042 1154 totus
1065 1093 1105 1154 sit

184 1175 428 1266 baeretioissima
453 1178 620 1256 pravitate,
654 1195 715 1236 uua
750 1193 818 1238 num
854 1177 917 1236 suis
946 1175 1104 1255 discipulis
1165 1221 1169 1230 ,

183 1257 348 1322 ammaus.
392 1257 472 1334 Quid
494 1268 585 1338 putas
605 1259 680 1322 boni
713 1261 820 1336 sentit,
856 1261 907 1338 qui
929 1258 1104 1337 Scripturas

184 1347 313 1403 sauctae
333 1360 397 1402 nou
417 1341 603 1405 eredendum
626 1341 756 1404 snserit?
788 1339 863 1416 Quis
896 1359 1030 1420 unquam
1051 1360 1104 1402 su·

184 1421 265 1492 ditus
287 1429 338 1485 est
356 1423 539 1505 haereticus,
562 1427 613 1505 qui
633 1425 729 1488 verbo
753 1425 811 1486 Dei
833 1443 896 1487 uon
918 1423 1104 1486 eredendum

184 1504 301 1568 dooere
322 1508 600 1588 praesumpsisset?
622 1507 674 1568 Sis
695 1507 809 1570 debent
831 1507 950 1587 eadere,
975 1507 1026 1586 qui
1047 1507 1104 1569 trs·

182 1595 275 1652 terna
293 1588 462 1652 invidentia
481 1597 512 1650 et
533 1590 678 1652 adulandi
699 1591 801 1652 furore
822 1590 933 1671 perditi
961 1608 1023 1653 non
1046 1589 1105 1652 nisi

184 1673 354 1752 perniciem
384 1680 416 1735 et
445 1673 597 1736 ecelesiae
635 1681 667 1733 et
697 1674 817 1734 veritati
853 1692 908 1753 pro
941 1671 1106 1734 maledieta

183 1750 363 1834 gloriosae
383 1762 541 1834 quaerunt.
784 1805 789 1810 .
1085 1755 1089 1762 ’

267 1836 348 1912 Quid
369 1836 420 1899 hie
439 1837 553 1900 meiat?
589 1837 747 1918 Scriptura
777 1844 884 1898 sanata
910 1843 958 1898 est
977 1835 1104 1900 verbum

184 1917 259 1999 uei,
279 1919 363 2000 quad
383 1921 410 1979 si
431 1922 519 1984 uina
539 1920 671 1997 diderat,
704 1917 889 1982 audiendum
913 1926 975 1998 est,
1011 1921 1103 1986 etiam

183 2021 260 2082 prae
282 2001 566 2083 omnibusangelis,
589 2004 616 2064 si
638 2003 763 2066 verbum
779 2003 837 2064 Dei
859 2022 921 2064 non
944 2002 1103 2080 haberent,

182 2083 296 2145 nedum
314 2101 389 2165 prae
410 2104 492 2166 papa
511 2092 543 2146 et
561 2085 706 2165 consilia,
727 2086 793 2149 sina
815 2085 908 2146 verbo
931 2085 988 2149 Dei
1010 2103 1103 2165 agen·

183 2169 273 2231 tibus.
317 2168 459 2246 Ofuror,
480 2169 575 2229 verbo
589 2170 646 2229 Dei
669 2188 731 2229 nan
754 2168 950 2244 eredendum,
973 2168 1027 2228 sed
1050 2168 1104 2227 hu·

183 2252 283 2311 manis
299 2250 406 2310 verbis
428 2250 520 2311 donet
529 2251 641 2311 Ennius
660 2252 777 2313 Dantur
798 2266 904 2311 saurae
926 2250 1104 2331 theologiae

185 2333 237 2407 (id
258 2339 315 2411 est,
336 2332 499 2404 verborum
515 2334 604 2412 Dei).
637 2335 759 2399 Danant
778 2332 859 2404 idam
883 2334 928 2395 sui
951 2332 1103 2412 dieoipuli,

183 2418 310 2497 viperae
330 2416 470 2493 viperina
490 2417 656 2496 genimina.
694 2417 707 2477 l
728 2415 905 2488 nuneEaci,
927 2422 958 2477 et
979 2414 1103 2494 donata,

183 2498 268 2579 qnod
304 2498 410 2564 audire
450 2499 576 2577 uerbum
603 2500 663 2561 Dei
706 2505 737 2559 et
763 2497 886 2559 eredere
917 2497 1103 2577 scripturam

182 2589 322 2642 sanatam
346 2578 493 2664 alleganti
514 2582 554 2642 sit
581 2582 788 2662 promotivum
810 2580 955 2659 haeresis,
977 2598 1103 2661 genora-

183 2665 281 2724 tivum
303 2663 531 2745 singularitatis,
552 2664 782 2725 inobedientiae
803 2670 834 2724 et
854 2660 1041 2723 rebellionis.

268 2745 422 2824 Obsearo,
452 2745 503 2806 ubi
531 2765 613 2806 nune
635 2754 682 2807 est
703 2746 786 2807 zelus
807 2746 968 2811 Romanae
991 2745 1103 2820 eumue,

183 2828 236 2890 ubi
257 2829 422 2909 principes,
443 2825 679 2909 ubipontifiaes,
701 2826 779 2889 haee
793 2834 929 2889 monstra
950 2828 1029 2888 serre
1050 2846 1104 2907 po-

183 2910 295 2973 testis?
326 2911 395 2991 Ego
423 2916 472 2971 tot
502 2912 755 2995 pederbonus,
787 2916 913 2991 propter
946 2910 1105 2976 hominum

184 2995 349 3075 opiniones
370 2992 539 3074 aeglesias,
559 2994 611 3057 hie
631 2994 762 3074 gloriam
774 2992 877 3071 habet,
897 2990 995 3055 bostis
1018 2991 1105 3052 verbi

183 3076 253 3156 Dei,
276 3072 448 3157 abnegator
468 3074 644 3156 scripturae
665 3082 802 3141 sanotae.

393 3272 599 3335 'Artieulus
627 3236 896 3338 duodecimus.

269 3396 354 3467 uun
374 3420 438 3466 non
460 3419 530 3465 essa
550 3402 727 3465 redemeris
747 3401 832 3467 bona
855 3418 960 3481 opera.

269 3481 359 3548 Hane
377 3481 566 3549 baeretioam
593 3484 780 3564 pronunciat
805 3482 934 3560 uenus,
967 3487 997 3545 et
1025 3481 1105 3549 bena

133 3634 136 3639 ,
185 3563 307 3650 probat
351 3563 412 3629 Sed
432 3585 644 3631 nonnosum
667 3564 770 3646 prodit
795 3566 943 3627 maiitiam
973 3570 1005 3625 et
1030 3564 1105 3628 invi-

185 3752 406 3903 w‘ldllxitefl·
425 3753 533 3811 sonsa
550 3752 635 3809 auat
654 3767 681 3807 ι.
696 3752 771 3809 'tutu
797 3751 843 3811 hio
866 3753 1043 3809 intersertam
1070 3747 1107 3801 le·

267 3840 275 3885 l
669 3858 673 3866 .
