2600 4300
211 293 304 423 ⁸ees
467 325 588 380 sesso.
606 317 782 381 nte-rae.
801 326 944 396 nug-s·

238 497 431 579 theologum,
453 498 508 559 sed
530 500 582 578 qai
603 517 709 579 parunt
731 499 771 562 sit
779 498 959 579 placiturus,
982 497 1163 577 praesertim

237 582 397 643 Romaene
418 582 521 642 carine
531 576 751 659 adulatoribus,
770 576 946 643 ie'mdudnm
970 580 1053 641 enim
1074 580 1165 661 gestit

237 666 356 732 animus
377 664 484 727 ludere
503 664 628 743 bellurn,
649 664 734 745 qaod
754 664 954 747 gessitlosne
975 662 1162 727 adversns¹l

236 747 324 811 eins
348 747 396 824 ⁸).
437 744 564 811 Interim
586 747 669 812 huno
689 748 810 829 gustum
834 746 887 809 tibi
908 742 1061 829 praelibo,
1106 745 1165 807 nod

238 830 396 893 conclusio
419 849 489 892 mea
510 849 583 893 vere
604 838 772 896 cstcontra
783 826 1048 913 Extravagantcm
1073 829 1080 842 '
1107 847 1166 905 ern,

237 910 307 976 ideo
329 912 407 975 false
428 920 460 974 et
481 933 632 989 erronee,
668 920 700 975 et
727 912 912 981 revocanda.
941 900 1046 988 Quare
1068 918 1103 973 et
1122 931 1164 973 re-

237 1015 318 1066 roco
340 1015 408 1057 eam
429 996 599 1059 solenniter
618 998 649 1057 in
671 996 719 1057 his
742 993 872 1077 scriptis,
894 994 1165 1078 damnatamqnea

238 1080 381 1159 meipso
402 1080 586 1160 pronuncio,
606 1076 756 1159 profiteor
776 1076 919 1159 denique,
941 1077 1026 1161 qnod
1047 1079 1094 1139 its
1113 1096 1165 1157 po-

237 1162 298 1226 site
317 1168 366 1223 est
386 1181 406 1223 s
427 1181 477 1223 me
499 1170 530 1223 et
551 1181 648 1243 nsque
669 1160 763 1225 hodie
784 1162 887 1243 pleoet
908 1162 992 1243 ipss,
1024 1166 1121 1239 etque
1142 1160 1166 1219 si

236 1246 340 1324 posita
360 1264 424 1307 non
447 1252 538 1323 esset,
560 1244 661 1307 adhuc
680 1264 838 1325 ponerem.

319 1326 461 1392 Secundo
484 1326 627 1407 reprobo,
646 1326 772 1401 domno,
794 1326 992 1407 detestorqne
1013 1314 1165 1411 Extrsre-

235 1417 359 1494 gsntem
380 1409 475 1491 illam,
497 1418 642 1491 tanquam
664 1408 771 1471 falsam
794 1417 825 1473 et
846 1429 1019 1487 erroneam,
1040 1410 1164 1471 merito-

235 1512 295 1572 que
316 1492 560 1574 reprobandam,
594 1491 801 1573 profiteorqne
822 1492 938 1555 bonum
959 1492 1073 1571 fuisse,
1098 1511 1165 1553 eam

234 1575 302 1638 aliis
325 1575 426 1637 verbis
448 1576 581 1657 positam
604 1594 683 1655 esse,
708 1595 772 1637 non
794 1574 876 1657 qnod
894 1576 938 1637 sit
953 1575 1033 1639 salse
1054 1573 1089 1637 in
1110 1593 1164 1633 sno

234 1677 345 1735 sensu,
378 1657 433 1721 sed
470 1657 554 1741 quod
576 1659 607 1721 in
630 1655 808 1741 theologico
832 1678 925 1723 sensu
947 1665 1044 1737 errat,
1081 1658 1164 1719 cuins

233 1741 328 1804 verba
362 1740 479 1803 inducit
513 1750 621 1805 conae
654 1742 837 1803 sententiam
876 1746 979 1805 textus
1011 1738 1164 1823 apertissi-

233 1844 324 1887 ment.

314 1905 396 1969 Ecce
418 1907 667 1985 revocationem,
688 1907 750 1970 iem
773 1906 917 1983 satisfeci,
940 1906 1034 1969 etiam
1057 1904 1163 1967 adver-

232 1990 339 2068 sariis,
361 2009 464 2073 spero.
498 1987 601 2065 Quid?
621 1988 763 2051 insenum
786 2009 835 2051 me
856 1996 957 2071 putes,
979 1988 1091 2069 lector,
1114 1996 1164 2049 snt

231 2072 348 2137 ebrium
370 2070 499 2135 censes?
537 2070 607 2133 Non
628 2071 770 2150 insanio,
793 2072 849 2133 sed
872 2068 1046 2135 sobrietatis
1070 2070 1163 2133 verba

232 2157 351 2238 lpqnor.
380 2156 470 2234 Quod
492 2164 526 2217 nt
548 2155 709 2218 ostendam
738 2158 830 2218 etiam
852 2157 1063 2218 crassissimae
1086 2153 1163 2222 rudi-

231 2239 304 2317 tati,
338 2237 453 2302 claram
482 2238 611 2316 inciam,
640 2239 741 2300 solere
775 2240 894 2302 scilicet
914 2233 1081 2384 pontifices
1103 2239 1161 2298 vim

233 2321 333 2383 iecere
355 2325 450 2384 sacris
485 2321 580 2384 literis
602 2323 634 2383 in
656 2323 718 2384 suis
740 2321 881 2385 decretis.
943 2340 993 2384 cm
1022 2340 1162 2383 reveren·

234 2398 377 2467 dissimns
399 2405 543 2467 dominns
564 2403 698 2486 Legatos
733 2406 868 2468 omnium
896 2405 1163 2486 impatientissime

232 2485 310 2564 tulit,
333 2487 415 2567 quod
439 2507 497 2549 nec
508 2507 615 2570 papae
632 2489 785 2550 sanctitati
793 2490 983 2569 pepercerim
1007 2487 1163 2567 (sicsnirn

230 2570 336 2632 scribit
356 2565 395 2632 ad
417 2569 662 2636 Illustrissimum
684 2569 860 2652 Principem·
874 2571 1064 2633 Fridericnm
1086 2575 1160 2644 etc.)

230 2660 261 2714 et
281 2653 433 2716 relatione
455 2653 583 2736 indigna
603 2653 755 2734 dixerim,
778 2651 862 2734 qnod
884 2673 996 2735 pnpem
1020 2661 1162 2734 torquere

229 2743 261 2798 et
290 2736 374 2798 abuti
405 2739 562 2820 scripturis
591 2732 734 2816 dixerim,
772 2733 929 2798 nitendum
957 2739 1063 2816 itaque
1092 2735 1160 2802 milri

227 2827 284 2961 pst,
307 2826 426 2881 utnon
448 2821 547 2901 possit
566 2839 700 2901 negare,
723 2821 783 2880 vim
805 2821 974 2904 scripturae
994 2817 1160 2900 aliqnando

238 2911 349 2966 aotam.

309 2983 423 3066 Primo,
447 2985 522 3046 dicit
542 2981 714 3046 Decretalis
745 2983 783 3046 de
806 2987 915 3048 consti.
930 2983 1096 3048 'I'ranslnto
1118 3002 1159 3044 sa

226 3069 375 3148 sertorio,
394 3088 525 3132 necesse
549 3075 614 3146 est,
635 3075 669 3128 ut
689 3069 850 3132 translatio
873 3069 950 3152 legis
972 3068 1037 3132 fiat.
1080 3067 1159 3128 Haec

226 3153 361 3233 apostoli
385 3151 483 3214 verba
504 3148 636 3212 suntad
657 3147 795 3216 Ebraeos
818 3150 957 3232 dicentis
978 3149 1158 3232 Tempornle

226 3235 431 3299 sacerdotium
467 3233 546 3316 legis
574 3231 693 3294 linitum
722 3241 755 3296 et
774 3234 955 3318 abrogatum
978 3233 1158 3296 suecedentc

226 3319 404 3380 sacerdotio
429 3321 559 3378 esterno
583 3315 706 3378 Christi.
737 3306 823 3380 Haec
844 3324 892 3378 est
912 3337 1062 3398 germana
1083 3315 1115 3396 2)
1133 3321 1158 3379 et

224 3400 357 3475 genuina
380 3399 540 3460 sententis
561 3398 689 3460 istorum
712 3399 887 3462 verborum.
932 3399 975 3462 At
994 3391 1157 3462 Decretalis

184 3534 187 3539 ,
226 3479 312 3540 huius
342 3483 502 3547 sententia
537 3487 584 3540 est
604 3479 703 3559 liaeo,
740 3481 946 3544 secerdotium
977 3465 1089 3546 Christi
1118 3487 1157 3542 est
1185 3490 1189 3502 ·

223 3601 638 3619 Ἣ

272 3683 307 3766 l).
322 3686 407 3739 ibid:
434 3691 565 3743 edrersns
585 3692 701 3747 Halitus.
758 3693 791 3760 2)
812 3695 842 3746 In
863 3694 904 3748 ed.
937 3696 1009 3763 orig.
1037 3693 1151 3762 (wint

223 3762 386 3882 winsia.
408 3825 438 3885 τ.
