2600 4300
245 311 308 380 460
390 268 393 275 ⁴
519 317 675 388 Responsio
694 313 822 376 Itiderioi
841 317 881 372 m.

426 596 428 601 ·
462 547 921 670 PriuuipisEleotoris

243 773 441 850 Senoniae
472 773 597 836 Ducis
625 771 826 834 Friderioi
855 776 1088 858 Responsio
1123 777 1165 837 sd

407 857 604 918 Erasmum
625 857 928 922 Rolerodamum
945 859 995 944 ²⁸).

240 1047 298 1110 Dei
318 1046 424 1108 Gratis
436 1045 616 1122 Friderious,
637 1044 709 1104 Dux
731 1044 896 1124 ursaniae,
917 1048 1007 1129 §sori
1028 1047 1166 1110 Romsni

241 1129 363 1210 Imperii
383 1128 674 1204 Arohimsrsesllus,
697 1127 852 1210 Princeps,
874 1130 1002 1192 Eleotor
1024 1136 1059 1192 el
1080 1129 1167 1190 Viss-

241 1215 319 1286 rius,
346 1211 558 1292 Lsudgrsvius
579 1211 789 1354 Thurisngppe,
823 1223 855 1274 et
875 1214 1014 1274 Murnhio
1036 1213 1166 1289 Missae,

305 1482 452 1558 Quemvis
473 1500 536 1542 non
560 1480 750 1559 dubitemus,.
762 1481 891 1543 Erssme
902 1484 1122 1562 eruditissime,
1138 1489 1165 1544 te

242 1585 282 1628 ex
303 1567 399 1626 literis
431 1565 545 1626 nostris
566 1563 690 1625 dodoeo
711 1564 812 1626 donee
840 1565 879 1626 sd
900 1573 932 1626 te
952 1585 1055 1648 nuper
1077 1566 1165 1647 proli-

242 1651 367 1712 eiseenti
390 1648 470 1710 daus
490 1647 584 1728 plsue
606 1648 810 1726 cogniturum,
832 1654 914 1719 tunm
928 1669 1005 1732 erge
1024 1669 1088 1711 nos
1111 1651 1165 1708 siu·

283 1732 379 1794 lesem
400 1733 491 1793 istem
513 1730 777 1808 benevolentium,
798 1736 832 1790 ut
850 1731 974 1812 slioqui,
994 1734 1040 1793 its
1062 1734 1096 1792 in
1118 1732 1163 1792 de-

264 1817 397 1876 ‘oudone
418 1814 611 1876 Suetonii'et
630 1813 758 1874 eliorum
778 1813 992 1876 historioorum
1013 1815 1163 1876 illustrem

241 1899 333 1960 nobis
355 1917 425 1958 esse
447 1897 667 1979 gratissimam,
699 1896 947 1976 respondendum
976 1904 1084 1958 tumen
1109 1899 1162 1958 tuis

242 1981 502 2057 existimavimus,
534 1978 576 2039 sd
600 1997 660 2040 nos
687 1978 874 2059 Antros-pise
894 1981 999 2045 XVIII.
1035 1980 1162 2041 Oslend.

241 2065 338 2126 IIsiss
360 2064 499 2144 seriptis,
523 2081 592 2122 oum
615 2061 656 2122 ob
677 2062 738 2122 slis
758 2081 821 2123 uon
844 2081 958 2144 penos,
993 2072 1059 2124 tum
1084 2063 1161 2144 quod

238 2147 462 2211 eruditIssirnse
482 2145 616 2206 simulet
636 2145 884 2227 elegantissimae
899 2155 983 2208 tuum
998 2167 1076 2229 erge
1096 2167 1161 2221 uos,

238 2232 390 2296 sineerem
403 2228 435 2312 ¹)
457 2234 490 2289 et
502 2246 607 2289 verum
617 2228 729 2289 Christi
750 2229 951 2291 eruditionem
964 2237 996 2291 et
1007 2230 1161 2312 evengeli-

241 2332 309 2377 osm
334 2315 491 2374 veritatem
505 2311 636 2373 studium
660 2318 691 2373 et
701 2330 837 2373 umorem
854 2314 1080 2393 pientissimum
1102 2315 1158 2373 iem
1196 2350 1197 2356 κ

242 2398 361 2479 pridem
379 2395 467 2457 nobis
489 2394 682 2475 exploratum
704 2395 842 2456 iuuerunt
861 2398 1116 2479 perspectionem.

323 2480 388 2556 Est,
410 2484 445 2539 ut
465 2478 583 2554 scribis,
604 2478 683 2538 mirs
698 2496 821 2539 osorum
843 2480 980 2541 melioris
1002 2479 1159 2541 doetrinae

240 2553 437 2644 oonspirstio'
460 2562 492 2621 iu
515 2560 546 2621 id
567 2560 668 2621 solum
688 2560 816 2640 idonee,
849 2569 883 2623 ut
903 2562 1015 2642 bonis,
1044 2564 1105 2644 piis
1131 2570 1160 2621 et

239 2646 337 2728 probe
358 2645 486 2706 literatis
507 2650 630 2705 nonest

321 2728 403 2792 Non}
424 2727 562 2788 domnsri
590 2726 629 2787 sb
653 2725 777 2786 eruditis
805 2746 929 2787 esurum
956 2728 1156 2789 Lutherensm

240 2818 272 2874 et
293 2812 436 2873 Dootoris
467 2810 589 2870 Martini
618 2808 845 2870 lucubrationes
879 2808 918 2869 eb
950 2812 1074 2891 optimis
1097 2811 1157 2891 qui-

240 2895 358 2975 busque
379 2894 450 2955 istie
471 2891 667 2973 cupidissime
688 2891 760 2973 legi,
783 2892 947 2971 laetemur,
976 2912 1078 2973 eoque
1099 2913 1154 2953 ms

240 2980 296 3060 gis,
314 2976 397 3057 quod
418 2975 557 3057 plerique
578 2974 783 3035 bonorumet
803 2974 988 3037 eruditorum
1004 2978 1155 3038 innostris

240 3080 363 3141 quoque
382 3058 572 3140 Regionibus
600 3062 633 3117 el
659 3056 897 3136 soseipatrus,
928 3058 1041 3119 nedum
1064 3068 1154 3121 exter·

239 3146 298 3222 nis,
320 3141 638 3206 homiuistsmvitem
659 3147 690 3199 et
710 3158 821 3213 mores,
843 3158 934 3219 quum
957 3142 1153 3203 eruditionem

240 3230 317 3289 miro
329 3244 483 3289 oonseusu
504 3222 642 3284 lsudsnl.
664 3220 754 3297 Quod
766 3222 846 3283 enirn
856 3220 1004 3284 haetenus
1017 3225 1049 3285 iu
1064 3222 1152 3285 Sexu-

239 3310 329 3373 nibus
351 3309 463 3371 nostris
485 3306 590 3387 degit,
610 3323 674 3365 non
696 3312 758 3365 tem
779 3304 912 3378 homini,
935 3324 1027 3385 quem
1048 3325 1152 3369 musso

240 3393 390 3471 dedimus,
406 3390 482 3451 nihil
496 3391 597 3450 minus
609 3404 742 3466 uuquam
755 3388 868 3459 consti,
891 3406 982 3467 quem
995 3396 1029 3449 ut
1049 3390 1151 3471 dignos

203 3516 209 3531 ,
240 3476 391 3554 praemiis
412 3492 516 3555 poeno
535 3477 697 3553 premeret.
729 3470 836 3549 Neque
856 3470 924 3531 Deo
947 3472 1151 3553 omnipotente

297 3668 327 3736 l)
346 3669 450 3722 Toxlus
467 3669 549 3721 huius
567 3652 757 3738 responsionis
775 3666 897 3721 redditus
915 3672 958 3722 ssl
975 3684 1011 3721 ex
1031 3669 1075 3724 ed.
1090 3666 1148 3737 Opp.

242 3737 321 3793 Lutlr.
338 3739 458 3804 lenensi,
476 3739 506 3790 T.
524 3739 547 3804 Ι,
566 3755 593 3806 p.
613 3737 675 3791 222.
900 3740 906 3754 '

297 3809 324 3872 t)
342 3807 374 3861 lu
392 3808 434 3863 ed.
453 3808 530 3863 len:
545 3813 622 3862 tuum
640 3823 708 3877 erge
720 3824 772 3864 uos
788 3810 924 3865 sineersm
945 3814 998 3866 etet
