2600 4300
221 290 284 360 228
469 268 795 381 Rectudouqettisp‘ut
815 294 893 367 teth.
975 271 978 284 ¹
1045 292 1060 321 ⁸

231 512 270 541 ..a
295 462 398 541 ‚Hane
417 484 523 530 suero
546 472 579 530 et
598 465 708 546 probo.
751 464 802 534 Sic
824 465 937 529 Jerem.
961 462 1061 545 thl:

304 546 504 627 Maledictus,
530 549 586 628 qui
612 568 700 629 spem
730 567 816 609 suam
844 550 934 629 ponit
955 548 987 608 iu
1010 542 1159 617 homine,

223 635 256 688 et
278 631 368 709 ponit
389 649 514 693 carnem
542 632 698 693 brachium
729 650 827 693 suum.
889 631 960 694 Non
990 636 1038 689 est
1065 627 1153 687 enirn

222 711 312 773 nobis
335 712 398 773 ulla
422 713 534 775 fiducia
556 714 678 791 salutis,
707 714 765 777 nisi
787 708 864 773 rinus
885 714 977 775 Jesus
1000 710 1154 785 Christus,

221 814 280 855 neo
299 795 384 857 aliod
405 816 518 859 nomen
541 796 597 858 sub
619 797 709 859 coelo
737 796 857 876 datum,
886 816 946 877 quo
976 813 1036 855 nos
1059 811 1154 873 opor-

222 879 287 943 teet
312 880 416 940 salvos
437 878 512 941 fieri.
542 880 611 941 Act
630 876 698 941 XV.
732 880 841 941 Pereat
871 900 945 960 ergo
974 876 1093 937 fiducie
1121 876 1153 935 in

224 958 350 1024 mortuis
372 962 476 1041 literis,
498 964 531 1023 in
552 966 678 1025 nomine
700 965 868 1041 veniarum,
891 965 922 1022 in
941 962 1070 1023 nomine
1094 958 1155 1019 suf-

223 1043 395 1125 fragiorum.
443 1044 601 1124 Secundo,
632 1048 712 1107 siout
740 1046 819 1125 dixi,
847 1046 953 1107 literae
979 1054 1011 1105 et
1038 1042 1155 1103 veniae

224 1127 300 1190 nihil
325 1128 487 1189 conferunt
514 1129 640 1201 salutis,
675 1129 729 1189 sed
762 1128 973 1189 tautummodo
1007 1125 1157 1186 auferunt

132 1278 141 1289 ⁸
222 1228 349 1289 poenas,
372 1230 432 1271 nec
452 1213 510 1275 nisi
533 1215 715 1289 canonicas,
743 1211 877 1276 nechao
902 1229 1011 1271 omnes
1034 1217 1156 1271 tumen.

222 1295 324 1372 Atque
346 1296 395 1353 hic
416 1314 534 1355 mecum
558 1296 685 1368 ,utinam
719 1304 800 1357 terra
831 1303 862 1357 et
894 1292 1055 1375 plenitudo
1087 1292 1155 1353 eius

223 1387 361 1455 gemeret
389 1396 427 1439 ao
457 1376 546 1439 fleret
575 1398 668 1458 super
700 1378 911 1440 seductionem
934 1375 1043 1457 populi
1067 1374 1156 1440 Chri·

224 1460 323 1537 st-ieui,
347 1461 399 1538 qui
421 1461 754 1541 passimindulgentias
777 1481 839 1527 noo
859 1460 947 1525 aliter
962 1459 1155 1540 intelligunt,

224 1560 314 1621 quam
335 1542 484 1603 salutares
513 1543 605 1609 etad
631 1545 760 1605 fructum
793 1546 915 1623 spiritus
938 1542 1039 1625 utiles.
1076 1540 1156 1610 ¹Nec

224 1626 350 1703 mirum,
374 1644 443 1685 oum
465 1646 526 1687 oon
548 1630 736 1707 exprimatur
757 1628 801 1692 eis
823 1629 866 1692 rei
889 1626 1053 1687 manifesta
1076 1625 1156 1685 veri·

224 1716 281 1769 tas.
323 1708 526 1770 Infelicissimi
542 1710 714 1788 Christiani,
737 1712 788 1790 qui
811 1729 868 1771 nec
889 1712 919 1771 in
938 1710 1000 1770 suuis
1022 1710 1154 1785 meritis,

224 1809 281 1867 nec
305 1792 335 1852 in
360 1810 415 1854 sue
436 1794 627 1865 coueoientia
657 1792 740 1855 bona
769 1800 900 1874 possunt
929 1790 1090 1854 confidere
1115 1790 1154 1851 de

223 1874 339 1950 salute,
370 1874 521 1937 docentur
548 1875 704 1939 confidere
731 1878 762 1937 in
785 1878 931 1956 scriptam
960 1882 992 1935 et
1013 1882 1153 1937 creatam

224 1976 392 2036 papyrum,
415 1976 468 2017 cur
488 1976 550 2018 non
572 1961 614 2019 ita
636 1959 763 2038 loquar?
799 1959 870 2039 quid
899 1960 979 2019 enirn
1015 1953 1153 2038 amplius

221 2039 263 2099 ibi
287 2040 451 2120 confertur,
473 2040 573 2123 rogo?
601 2062 663 2103 non
688 2042 846 2119 contritio,
882 2060 945 2102 non
968 2039 1062 2109 tides,
1087 2059 1151 2101 non

221 2123 335 2203 gretia,
368 2122 423 2184 sed
437 2124 658 2196 *tantummodo
688 2125 806 2186 externi
829 2124 961 2186 hoininis
984 2142 1111 2204 poenae
1134 2142 1152 2183 a

221 2206 391 2270 canonibus
410 2215 555 2279 etatutae.

305 2290 406 2369 Atque
442 2299 475 2354 ot
508 2291 632 2370 paulum
664 2289 832 2372 digrediar,
864 2291 968 2352 audivi
999 2310 1060 2372 ego
1082 2292 1149 2370 ipse

222 2372 344 2449 uruitoe,
364 2375 417 2453 qui
437 2373 517 2441 datis
537 2375 676 2454 pecuniis
690 2381 721 2436 et
733 2374 900 2454 redemptio
929 2375 1025 2443 literis
1048 2381 1148 2434 totam

220 2454 362 2522 fiduciam
383 2458 415 2516 in
436 2456 506 2518 illas
530 2465 708 2536 posuerunt.
742 2458 788 2520 lta
809 2459 892 2523 eninr
911 2457 961 2517 vel
983 2456 1146 2526 audierant

222 2538 456 2622 tutdicebant)
491 2540 540 2599 vei
574 2538 626 2622 (ut
653 2559 712 2620 ego
742 2540 868 2605 honoris
900 2541 1000 2620 gratia
1029 2535 1145 2622 credo)

220 2622 437 2691 intellexerant
458 2641 628 2702 praecones
649 2623 806 2686 veniarum
822 2623 951 2688 docere.
999 2622 1072 2687 Non
1096 2621 1147 2684 hic

221 2706 321 2776 soe¹t
339 2717 435 2782 texo,
467 2707 546 2768 siout
572 2725 631 2766 nec
668 2705 740 2768 mibi
762 2706 854 2785 ticet,
881 2707 1016 2788 quinon
1041 2703 1146 2769 audivi

221 2808 390 2868 praecones
412 2788 735 2867 veniales,·exousent
757 2810 827 2852 sese
848 2790 926 2850 ultra
946 2791 1050 2850 nivem
1075 2807 1145 2862 oan-

221 2871 337 2948 didius,
352 2892 428 2934 ⁴mea
449 2891 543 2935 causa
562 2871 683 2948 licebit,
706 2880 788 2934 certe
812 2873 917 2954 populi
938 2871 1144 2954 redarguendi

221 2963 292 3017 sunt
314 2973 403 3017 aures
421 2964 484 3014 tam
505 2954 627 3033 illotae,
660 2962 693 3014 ut
711 2955 772 3018 illis
794 2954 941 3021 salutaria
972 2954 1144 3016 dicentibus

220 3039 364 3118 ipsinon
385 3038 446 3098 nisi
466 3035 612 3117 pestifera
631 3037 767 3101 audiant.

305 3120 411 3196 Sed2)
436 3119 506 3182 dum
530 3119 574 3192 tui
596 3120 714 3187 dieunt:
747 3121 829 3184 Ante
858 3121 962 3182 omnia
984 3121 1094 3182 iratres
1113 3122 1143 3180 in

158 3237 172 3254 ·
222 3205 373 3265 Christum
398 3203 528 3280 credite,
557 3203 833 3284 atquesoniidite,
861 3210 897 3263 et>
922 3205 1142 3284 poenitentiam

222 3289 321 3368 agite,
345 3305 465 3368 crucem
490 3294 621 3346 vestram
644 3287 759 3361 tollite,
789 3287 941 3349 Christum
963 3287 1141 3366 sequemini,

222 3370 404 3432 mortificate
426 3367 564 3429 membre
576 3378 687 3447 vestra,
698 3401 700 3409 ·
711 3370 819 3431 discite
831 3368 949 3450 poenas
971 3378 1003 3430 et
1014 3378 1140 3429 mortenr

222 3474 285 3517 nou
307 3452 522 3533 formidare2).
566 3454 648 3514 Ante
682 3455 786 3514 omnia
817 3461 951 3524 roduani
980 3454 1062 3528 inter
1089 3471 1140 3512 vos

223 3540 381 3614 cariuteor
403 3535 530 3615 habete,
560 3536 692 3596 invicem
715 3539 843 3615 servite,
873 3537 965 3598 etiam
992 3535 1139 3616 neglectis

221 3669 381 3676 ..ma—.-.n—

294 3731 326 3793 t)
347 3731 376 3781 ln
396 3731 437 3783 ed.
454 3732 517 3786 Jen.
538 3731 628 3785 deest:
649 3749 707 3786 eos.
751 3733 784 3798 2)
806 3733 835 3784 tn
856 3732 898 3786 ed.
920 3734 1006 3802 prino.
1026 3732 1138 3802 legitur:

222 3797 332 3851 scilicet.
369 3800 398 3863 3)
419 3803 447 3852 tn
466 3801 510 3857 ed.
528 3803 603 3858 dea:
622 3802 784 3905 formidupo.
862 3887 865 3892 .
969 3851 972 3858 r
