2600 4300
223 335 286 399 436
452 336 610 407 Appellatio
629 337 659 393 F.
679 327 789 392 Martini
806 337 916 391 Lntlrerl

224 526 272 588 ep.
293 505 333 567 ad
355 506 494 569 Linlrium
517 507 604 576 data,
627 509 723 570 Auril.
746 509 758 568 I
780 529 807 588 p.
834 509 910 588 124,
934 504 972 565 de
993 501 1100 578 weue
1124 497 1146 574 l,

224 590 335 666 192).“
378 589 487 651 Celare
510 591 606 651 voluit
625 590 706 652 hano
725 590 972 672 Appellationem
994 585 1147 646 Lutherus

224 682 327 751 eaque
343 691 405 734 non
427 674 487 733 nisi
508 693 565 734 suo
578 673 702 736 arbitrio
726 683 757 734 et
772 683 911 754 tempore
933 672 986 752 uti,
1010 669 1148 746 ideoque
1211 669 1212 750 ᾗ

224 775 292 818 oum
325 757 521 837 typographo
550 764 658 838 paclus
688 765 750 834 est,
781 766 811 817 nt
839 755 956 816 nullum
984 751 1150 830 exemplar

224 837 421 918 distraheret,
449 839 503 900 sed
532 842 636 900 omnia
664 839 747 921 apud
774 859 807 900 se
834 839 1012 920 deponeret.
1054 833 1148 910 Atia

223 922 298 982 lueri
325 939 418 983 oausa
447 923 551 984 omnia
578 923 641 983 lere
668 925 772 983 neseio
802 930 833 982 et
859 921 983 983 dolente
1009 915 1149 979 Lutlrero
1211 955 1212 964 .

224 1004 401 1066 vendiderat
425 1007 647 1086 exemplaria,
673 1008 828 1086 nusquam
851 1025 943 1066 unum
966 999 1094 1062 Lutheri
1115 999 1147 1057 in

224 1107 331 1148 manus
357 1090 529 1168 perveniret
565 1089 621 1163 (ol.
649 1026 800 1152 gauleno.
828 1087 906 1149 Hist.
937 1083 1026 1148 Lnlh.
1053 1083 1075 1145 l.
1107 1079 1147 1162 l.)

222 1169 329 1250 Itaque
360 1171 412 1231 ille
440 1172 467 1231 d.
497 1175 546 1234 11.
573 1172 648 1234 Deo.
682 1172 787 1233 scribit
815 1169 1001 1234 Wenoeslao
1033 1163 1148 1226 Linkio

225 1252 408 1331 (Sinistro):
440 1253 563 1333 „Edidit
590 1256 757 1336 impressor
777 1262 881 1315 noster
901 1250 1149 1335 appellationem

223 1356 324 1397 meam
353 1335 394 1397 ad
422 1338 586 1398 eonsilium
615 1338 710 1399 multa
726 1348 777 1400 ,et
805 1355 919 1418 magna
948 1330 1150 1414 displicentia

223 1438 311 1499 mea,
341 1418 396 1480 aad
426 1430 527 1480 aetum
556 1428 612 1482 est.
661 1421 752 1482 Volui
779 1422 959 1501 impressam
987 1414 1072 1497 apud
1098 1431 1150 1472 me

223 1503 454 1580 servaresDens
466 1511 577 1564 ‘autem
601 1504 662 1565 alla
678 1505 809 1584 cogitat,
831 1503 993 1564 latratores
1005 1499 1049 1560 illi
1067 1497 1163 1557 mire

222 1595 330 1646 sonna
351 1603 400 1645 me
422 1585 535 1646 latrant
547 1586 669 1667 ubique,
692 1587 746 1647 sed
768 1586 842 1646 nihil
855 1586 1021 1668 profioinnt
1045 1579 1149 1660 (Epp.

221 1667 308 1729 iroth.
329 1669 378 1729 ed.
402 1669 497 1730 Auril.
519 1669 548 1747 I,
577 1671 645 1733 124.
675 1669 714 1732 de
734 1669 838 1732 Wette
858 1669 888 1746 1,
918 1665 1030 1747 193u‘,
1051 1671 1087 1724 et
1118 1662 1146 1722 d-

222 1753 272 1817 20.
294 1771 333 1810 m.
356 1749 535 1812 Deoembris
546 1751 722 1833 spalatino:
744 1751 830 1830 „Neo
852 1771 952 1812 meum
975 1767 1034 1811 neo
1055 1753 1148 1806 tunm
1211 1747 1212 1754 ’

221 1834 383 1894 eonsilium
412 1836 598 1916 praevaluit,
627 1837 669 1896 mi
691 1835 858 1917 Spoletina.
914 1833 994 1896 Nam
1022 1836 1053 1892 et
1082 1845 1147 1910 ego

222 1917 461 1997 appellationem
483 1917 594 1984 excudi
610 1919 739 1998 quidem
762 1920 848 1996 iussi,
874 1917 1026 1978 sedinito
1047 1921 1148 1994 paeto

222 2017 292 2061 oum
315 1999 448 2079 librario,
469 2021 509 2061 ne
529 2019 655 2082 prorsus
678 2002 771 2062 ullam
800 2001 919 2082 ederet,
950 1997 1004 2060 sed
1031 2014 1148 2058 omnes

222 2083 304 2166 apud
327 2103 377 2144 me
400 2084 583 2165 deponeret,
616 2104 674 2146 suo
697 2105 715 2145 a
738 2105 788 2146 ma
808 2089 937 2165 aoeepto
958 2081 1076 2165 pretio,
1113 2084 1149 2138 ut

221 2184 405 2247 quoeunque
431 2176 630 2249 exspectatae
656 2169 753 2229 lorias
774 2169 906 2230 Romani
932 2158 1037 2227 indicii
1058 2163 1148 2225 veni-

221 2257 299 2328 rent,
321 2245 384 2311 trlrn
408 2270 457 2311 me
478 2251 642 2313 resedente
663 2260 791 2333 paratae
812 2252 1067 2331 dispergerentur.
1104 2245 1148 2305 At

221 2333 319 2395 bonus
352 2334 456 2394 homo*
470 2332 533 2395 suis
555 2334 818 2414 locriaiotentua,
840 2354 910 2397 oum
932 2352 991 2413 ego
1014 2347 1148 2409 exspes·

220 2424 326 2495 tarem,
348 2426 382 2477 ut
404 2416 534 2497 afferret,
555 2418 640 2498 prius
662 2418 725 2481 lere
746 2436 854 2479 omnes
875 2416 1073 2492 vendiderat,
1114 2418 1147 2473 et

220 2516 280 2579 ego
304 2501 491 2562 novissimus
514 2502 650 2561 omnium
666 2502 788 2563 tandem
807 2500 904 2561 editas
920 2498 1065 2581 cognovi.
1089 2493 1146 2555 nai

221 2584 295 2643 salis
314 2584 346 2643 in
369 2601 439 2643 eum
461 2584 681 2665 stomachatus,
706 2584 876 2645 sedentum
891 2590 971 2644 erat:
993 2580 1144 2641 iniectum

222 2665 324 2729 fauere
344 2660 469 2746 nequivi
494 2666 591 2749 (Epp.
612 2666 700 2729 Lnlh.
722 2666 771 2730 ed.
794 2666 889 2729 Auris.
906 2666 931 2746 I,
953 2685 984 2747 p.
1008 2665 1079 2729 125.
1103 2661 1143 2723 de

222 2746 325 2811 werre
346 2749 360 2809 1
379 2770 409 2830 p.
433 2750 524 2829 198).

303 2832 387 2911 „Leo
407 2840 516 2894 annua
536 2832 673 2893 decimus
696 2852 788 2915 papa,
808 2829 1141 2912 inquitMaimburgins

105 2988 111 2998 ⁸
220 2914 340 2975 lasnita
362 2916 419 2991 (ef.
442 2915 643 2977 Ssolrendorf.
664 2916 743 2980 Hist.
765 2916 851 2977 Lnlh.
865 2915 888 2993 l,
909 2935 940 2996 p.
962 2914 1034 2992 58),
1057 2930 1141 2991 mug-
1168 2964 1178 2989 Ι

220 3016 293 3067 num
315 2998 397 3059 huno
417 2999 623 3061 Lntheranum
656 3000 817 3060 tumultum
839 2998 951 3059 Bulla
982 2996 1140 3075 oompesoi

220 3098 315 3161 posse
341 3082 471 3143 eredens
503 3084 652 3163 oomponi
679 3080 764 3143 illam
798 3082 927 3159 leserat,
963 3098 1019 3161 per
1048 3096 1141 3157 quam

221 3164 360 3226 doetrina
394 3162 546 3226 catholiea
581 3165 622 3227 de
649 3148 847 3247 indulgeritiis
874 3162 1089 3245 exponebatur
1109 3166 1141 3221 et

220 3246 633 3309 oonllrmabaturseaundnm
649 3250 900 3311 eonstitutionsm
908 3244 1076 3308 Clementia
1085 3242 1138 3305 v1.

222 3330 282 3392 Sed
306 3350 374 3391 oum
395 3330 528 3411 Legatos
555 3330 636 3392 hano
663 3334 695 3393 in
718 3331 886 3393 Germania
913 3326 1137 3411 quindeoirn

222 3414 358 3473 diebus
384 3423 458 3493 post
477 3413 600 3474 Lutheri
627 3416 883 3495 protestationem
917 3414 954 3487 (i.
983 3430 1011 3474 a.
1034 3408 1136 3491 appel·

221 3495 386 3574 lationem)
422 3495 571 3575 publicari
592 3496 730 3576 lecisset,
770 3504 801 3558 st
831 3496 1043 3577 indulgentiae
1075 3494 1135 3553 ism

220 3576 312 3637 valde
331 3578 450 3637 invisae
471 3585 584 3657 essent,
605 3581 636 3639 in
649 3578 788 3645 Saxonis
799 3580 1003 3661 potissimum,
1023 3576 1136 3637 fautum

88 3665 90 3672 ’
222 3664 278 3734 eat,
299 3666 333 3717 ut
352 3660 442 3719 Bulla
463 3660 581 3722 isthaec
601 3662 711 3723 saltem
738 3681 795 3743 pro
823 3662 954 3723 utilitate
968 3660 1079 3741 Papae
1106 3666 1136 3719 et

221 3748 413 3831 quaestorum
437 3742 520 3803 edita
540 3760 610 3803 ease
631 3743 802 3825 videretur,
830 3762 933 3824 neque
958 3743 1023 3804 fere
1044 3748 1136 3823 esset,

221 3831 272 3891 <lm
294 3820 458 3899 quidquam
479 3842 535 3903 pro
547 3824 746 3907 indulgentiis
769 3827 892 3889 solvere
907 3825 1064 3907 ouperet“
1088 3822 1134 3885 lle
