2600 4300
370 329 628 386 mousson
648 310 802 393 nonum
1009 325 1052 396 43

216 501 419 582 ltespontleot
441 502 550 582 Miror,
570 501 655 583 qood
676 521 740 564 non
761 501 869 564 esrlem
891 519 987 583 opero
1006 521 1051 564 re-

146 585 386 646 oonoilistiooem
419 585 504 646 illsm
534 586 665 666 intolligi
698 585 813 665 dooss,
854 585 1051 666 alphabetum

144 686 278 749 procum
300 668 351 729 vol
373 668 531 746 obrosum,
552 676 606 730 eut
625 668 740 747 aliquid
761 669 860 746 eliud,
882 667 968 749 quod
988 688 1051 730 non

144 749 326 832 signifiestor
346 751 443 812 litoris
462 759 495 812 et
514 751 642 832 syllabis
673 753 750 816 istis.
794 752 826 813 si
847 753 906 813 ists
927 751 1052 812 lieentia

144 853 303 978 pppffi
321 834 798 998 ttulisttttttltt
820 838 1051 978 ltttttt

143 1003 194 1060 isse
214 999 331 1081 lingis?
375 1000 437 1060 Gur
467 1020 530 1061 non
553 1001 690 1060 omnium
723 1001 895 1062 haeresium
914 1002 1052 1061 insanies

143 1103 194 1144 uno
216 1085 286 1143 sinu
309 1084 500 1163 suscipimus,
522 1100 592 1144 oum
605 1085 725 1163 possint
744 1103 850 1146 eornm
871 1083 1052 1146 verboseris

142 1165 212 1237 teri,
242 1167 271 1225 si
293 1167 462 1246 improprie
483 1165 691 1246 sosipisotur?
733 1167 792 1228 Ubi
819 1173 925 1228 monet
944 1167 1052 1248 regula

142 1249 208 1326 ills,
240 1249 329 1328 quod
349 1248 475 1310 ‘doctori
508 1249 661 1310 soolesise
700 1251 799 1310 omnis
841 1251 1052 1330 impropriets·

144 1337 303 1409 (quantum
323 1331 389 1392 fieri
405 1337 527 1410 potest)
562 1333 687 1392 vitando
726 1331 793 1393 est?
834 1332 876 1392 Et
903 1333 978 1392 illud
1007 1351 1051 1411 ss,

141 1415 258 1494 pientio:
283 1413 344 1490 Qui
365 1415 499 1493 loquitur
519 1414 694 1496 sophistice,
716 1413 837 1477 odibilis
858 1415 923 1476 est?
944 1416 1052 1496 Rogos

142 1497 207 1558 dent
220 1499 299 1558 milri
320 1498 364 1557 tui
383 1498 609 1578 impropriistso
628 1504 731 1558 tetum
755 1499 886 1577 veniam,
909 1499 935 1559 si
956 1498 1052 1559 verbs

141 1587 234 1641 vestre
253 1601 320 1642 non
343 1580 551 1660 intelligimus,
574 1599 633 1661 ego
657 1587 688 1642 et
707 1581 850 1662 populus.
893 1581 1052 1642 Credimus

142 1665 212 1724 min
224 1683 286 1724 vos
306 1664 351 1723 uti
370 1661 473 1723 vorbis
494 1681 552 1742 pro
567 1663 734 1742 intellsotu,
755 1680 818 1725 non
835 1682 891 1744 pro
908 1665 1051 1724 illusione

141 1752 246 1807 nostro.
279 1746 348 1806 Nisi
368 1746 476 1806 iterum
495 1745 602 1824 rediit,
633 1746 715 1825 quod
736 1745 772 1807 B.
793 1746 997 1826 Hieronymus
1019 1747 1051 1806 in

141 1828 690 1907 totanneffierosotynutanoargut,
714 1829 840 1907 soilioot,
860 1830 945 1908 quod
967 1828 1052 1890 eliud
1084 1843 1089 1856 ’

141 1913 298 1991 loquuntur
330 1911 521 1990 ssosrdotes,
554 1911 635 1972 eliud
669 1911 796 1972 sudiunt
822 1913 939 1994 populi.
982 1909 1051 1988 Vos

141 2002 233 2055 sutem
256 1995 404 2064 dedita²l
428 2013 524 2074 opero
543 1995 583 2055 sd
598 1995 859 2075 improprietatem
879 1996 997 2058 vertitis
1015 1995 1047 2067 ³)

141 2078 234 2156 verbs,
257 2085 290 2139 et
309 2077 372 2138 lroo
392 2078 484 2137 etism
503 2077 749 2156 itodsleuditis,
772 2086 807 2139 ut
826 2078 956 2161 gloriam
977 2077 1051 2159 velis

142 2163 173 2221 tis
189 2164 346 2223 meruisse.

212 2244 263 2306 nd
284 2244 471 2305 tricesimam
499 2250 638 2323 qnsrtsm
661 2242 758 2321 diois,
780 2244 863 2324 quod
884 2245 924 2304 sit
944 2242 1049 2303 hoere-

141 2328 202 2403 tios,
223 2330 297 2407 quis
317 2333 421 2409 negot,
445 2326 527 2407 quod
550 2347 634 2409 popo
652 2328 752 2407 possit
773 2346 895 2389 omnem
915 2344 1049 2406 poenam

142 2410 267 2471 abolore

213 2493 404 2573 Respondes
427 2499 458 2553 et
475 2511 536 2573 ego
556 2512 613 2573 per
633 2492 879 2568 distinotionenn:
906 2491 1052 2553 Haeresis

142 2576 281 2657 sosipitur
301 2594 366 2638 uno
387 2575 492 2654 modo,
513 2581 607 2655 prout
625 2580 675 2637 est
694 2581 802 2636 oontrs
813 2575 974 2655 opiniones
996 2594 1050 2634 nu·

143 2657 192 2719 iss
212 2658 454 2733 l'homistsmm,
478 2664 510 2719 st
532 2660 578 2719 sio
599 2664 647 2721 est
667 2657 837 2737 haeretios,
859 2657 920 2718 slio
945 2657 1049 2736 modo,

142 2748 225 2819 prout
242 2749 293 2802 est
313 2748 423 2803 oontro
444 2740 615 2803 <loomim
635 2739 708 2801 fidei
730 2748 761 2801 et
772 2740 932 2817 ecolesise,
953 2745 985 2800 et
1005 2741 1052 2801 sio

143 2830 185 2883 est
202 2824 365 2888 esthollcs.

215 2906 380 2984 seeundo,
405 2926 498 2987 spero
520 2904 604 2985 qood
626 2905 700 2966 mihi
721 2908 813 2967 stom
839 2924 902 2967 non
924 2911 1050 2987 rogetus

146 2989 310 3067 sonoodes,
331 3009 389 3071 per
409 2986 626 3071 indulgentiss-
639 3007 703 3049 non
724 2989 842 3051 sboleri
862 2994 993 3049 mortem
1020 2994 1054 3047 st

144 3074 239 3132 mortis
260 3079 307 3133 tot
329 3072 466 3152 perieuls
494 3078 525 3132 et
557 3068 692 3131 infinitas
714 3073 876 3151 passiones
896 3070 985 3130 huius
1008 3070 1049 3129 vl·

144 3161 196 3215 too.
235 3155 304 3215 Istis
322 3162 423 3216 estem
446 3152 640 3216 monentibus
666 3152 814 3233 obsecro,
842 3153 914 3233 quid
946 3152 1049 3234 magni

144 3238 290 3298 remittunt
308 3238 442 3315 nonme,
478 3235 603 3317 quondo
622 3236 732 3297 rsliots
751 3239 857 3299 mortis
876 3254 981 3315 poeno
1001 3252 1048 3295 so

145 3319 375 3381 usfaotiunoulas
395 3321 580 3401 tsmporslss
601 3319 777 3381 remitmnt?
818 3319 882 3381 seu
901 3338 942 3379 ox
969 3334 1051 3377 mus·

146 3420 178 3461 os
203 3402 397 3483 elephantem
426 3406 529 3465 leosre
553 3401 685 3482 placuit,
718 3403 833 3463 sonem
854 3420 917 3462 non
944 3416 1052 3461 amoro

147 3483 298 3552 Amorrei„

148 3641 341 3656 ψ

148 3748 251 3872 m3111
267 3749 312 3804 ed.
330 3750 407 3805 lom:
423 3750 510 3820 quod.
544 3752 575 3817 2)
591 3752 676 3807 thiu:
695 3752 797 3807 debito.
834 3752 870 3839 3)¹
886 3750 971 3807 loto:
990 3766 1049 3807 ver-
