2600 4300
242 310 306 377 tot
488 312 684 367 murm
704 313 813 383 nopes.
831 313 909 366 unu.

247 481 286 541 de
308 480 424 541 eisdem
446 481 486 543 ab
507 481 641 543 ecclesia
660 482 819 558 iniunctis,
840 488 875 542 ut
895 484 936 543 sit
956 477 1079 543 sensns:
1102 482 1147 543 Rs·

246 565 351 623 miesio
380 562 433 622 illa
453 565 656 625 iniunctarum
679 566 934 646 poenitentiarum
966 566 1004 626 ab
1033 566 1147 626 ecclesia

245 653 328 707 tenet
349 652 411 707 tam
439 647 522 727 apud
543 647 658 725 Deum,
692 665 783 727 qnam
811 649 892 727 apud
915 648 1090 709 ecclesiam:
1117 668 1146 709 eo

246 728 329 808 qnod
350 728 435 789 Deus
457 729 647 810 approbatl)
680 730 760 791 hanc
782 731 933 791 ecciesiae
960 750 1036 791 suae
1061 733 1149 791 remis·
1187 730 1188 737 ’

243 814 374 897 sionem,
394 811 562 873 secuudum
583 812 675 873 illud:
698 812 911 893 Quodcunque
929 815 1056 874 solveris
1070 833 1148 893 super

247 903 368 971 terram
390 894 523 955 solutum
545 896 603 955 erit
622 905 654 955 at
674 896 704 955 in
728 896 831 957 coelis.
875 896 945 957 Non
969 898 1027 957 cit:
1060 896 1148 972 Quod·

246 994 367 1056 cunque
387 978 516 1039 solveris
537 997 629 1058 anper
650 985 772 1052 terram,
796 978 877 1039 aliud
901 981 957 1039 erit
979 980 1106 1039 solutum
1125 982 1148 1039 iu

246 1060 352 1135 coelis,
374 1060 428 1121 aad
450 1060 481 1121 id
502 1060 596 1138 idem,
617 1061 701 1140 quod
723 1068 755 1121 tu
777 1062 880 1141 solvis,
903 1072 935 1122 et
957 1082 1016 1142 ego
1031 1063 1148 1123 solutum

245 1142 378 1205 habebo.
422 1142 502 1218 Quia
523 1163 579 1223 per
599 1144 660 1205 hoc
684 1144 767 1204 Deus
790 1145 853 1205 vult
887 1146 1028 1205 homiues
1057 1145 1151 1205 subiici

246 1224 417 1301 sacerdoti,
449 1226 533 1305 quod
564 1245 625 1287 non
658 1225 759 1303 fleret,
790 1229 848 1287 nisi
870 1228 968 1289 Deum
990 1228 1151 1309 approbare

219 1382 225 1394 ι
245 1309 327 1369 facts
347 1309 517 1370 sacerdotis
537 1310 695 1372 sciremus.
724 1310 822 1371 Vides.
841 1330 914 1391 ergo
937 1314 1042 1371 omnic
1063 1312 1152 1373 adhuc

247 1393 278 1451 in
301 1392 497 1470 opinionibus
519 1392 655 1456 haerere.
760 1426 765 1433 ·

328 1474 424 1534 Porro
445 1474 477 1534 id
498 1474 580 1554 quod
603 1474 740 1554 Angelus
769 1494 809 1535 cx
836 1494 892 1536 suo
917 1476 1078 1537 Francisco
1099 1477 1152 1536 Mc-

246 1558 331 1618 ronis
352 1556 494 1634 adducit,
521 1556 605 1636 qnod
631 1556 840 1636 indulgentiae
868 1560 958 1619 etiam
982 1559 1102 1619 valeant
1120 1559 1152 1619 ad

247 1649 445 1719 augmentum
468 1642 587 1719 gratiae
607 1647 638 1699 et
662 1640 797 1719 gloriae,
820 1660 881 1702 uon
904 1642 1049 1719 advertit,
1081 1642 1153 1720 quod

247 1722 455 1801 indulgentiae
476 1742 539 1783 non
560 1731 632 1783 sunt
654 1742 749 1802 opera
773 1724 870 1800 bona,
892 1742 947 1784 seu
969 1725 1152 1784 remissiones

249 1805 397 1865 bonorum
421 1825 566 1885 operum,
594 1814 720 1885 propter
742 1806 944 1867 aliud‘ruinus
967 1826 1054 1887 opus.
1094 1808 1152 1867 Etsi

159 1906 164 1914 ’
247 1890 328 1949 enirn
346 1907 424 1967 opus
440 1886 564 1964 bonnm,
585 1889 807 1968 propterquod
821 1889 929 1949 dautur
943 1890 1151 1970 indulgentiae,

246 1972 287 2031 ait
307 1972 510 2046 meritorium,
539 1989 602 2031 non
630 1979 732 2031 tamen
761 1971 831 2032 ideo
859 1972 1066 2052 indulgentiae
1091 1984 1152 2033 sunt

245 2053 436 2129 meritoriae,
466 2072 536 2113 cum
569 2071 647 2133 opus
675 2073 813 2114 seorsum
838 2055 951 2115 sactum
979 2058 1151 2116 conminus

247 2143 329 2198 casm
351 2137 547 2211 meritorium,
570 2143 602 2195 et
621 2135 698 2197 forte
720 2140 827 2219 magis.
855 2137 1065 2218 Indulgentiae
1087 2159 1149 2200 vsro

248 2239 385 2280 seorsum
409 2226 551 2299 sumptae
570 2221 673 2298 potius
695 2229 765 2282 sunt
787 2221 1010 2301 demeritoriae,
1033 2225 1150 2302 quiere·

248 2303 410 2362 missiones
432 2301 583 2362 bonorum
611 2321 749 2382 opernm.
792 2305 886 2384 igitur
920 2324 988 2365 cum
1023 2307 1054 2365 iu
1079 2308 1150 2366 omui

247 2386 375 2445 materia
396 2384 535 2446 dubitata
555 2384 670 2446 licitum
704 2389 742 2446 sit
769 2389 937 2467 unicnique
957 2388 1108 2470 disputare
1126 2397 1150 2448 et

248 2487 421 2548 opponere,
444 2475 476 2528 et
496 2487 556 2549 ego
578 2488 702 2549 quoque
724 2469 803 2546 dico,
827 2489 875 2532 me
897 2491 916 2530 a
938 2472 971 2532 B.
994 2471 1108 2532 Tbomc
1126 2481 1150 2530 ct

249 2550 465 2612 Bonavcntura
486 2552 517 2612 iu
540 2552 599 2614 hac
619 2560 706 2632 parte
729 2553 903 2628 dissentire,
936 2554 1036 2613 donec
1058 2554 1150 2614 meiius

249 2633 380 2712 probent
407 2653 479 2712 sna,
507 2642 600 2714 atque
628 2634 798 2696 dissolvant
828 2643 940 2696 nostra.
984 2636 1052 2715 Ego
1081 2637 1148 2695 enin

250 2723 371 2794 praeter
392 2718 553 2795 opiniones
575 2716 647 2776 nihil
671 2716 760 2776 video
783 2717 904 2795 quod²)
929 2718 1075 2797 probent,
1105 2737 1151 2776 nec

248 2798 358 2858 saltem
380 2819 471 2858 uuum
494 2816 661 2874 canonem,
689 2818 759 2858 cnm
781 2808 828 2860 tot
847 2800 1019 2879 scripturas
1035 2819 1091 2880 ego
1112 2821 1151 2859 sn-

169 2889 178 2897 ‘
249 2882 352 2959 perius
382 2880 489 2942 Conci.
509 2885 550 2956 5,
574 2879 771 2960 produxerim
806 2901 862 2962 pro
890 2903 957 2942 urea
987 2893 1081 2963 parte.
1120 2884 1152 2942 ut

249 2982 331 3024 nano
348 2984 388 3024 ne
409 2965 475 3024 aine
497 2962 666 3024 canonibus
690 2965 780 3024 etiem
804 2967 921 3044 loquar,
943 2985 1027 3026 eccs.

333 3046 451 3120 Quarta
469 3047 567 3123 ratio,
588 3047 739 3126 capitu-lo:
772 3048 848 3109 Cum
872 3068 911 3108 ex
933 3067 989 3126 eo,
1012 3047 1150 3114 libide

249 3147 319 3208 poe.
341 3136 373 3188 et
392 3148 436 3188 re.
458 3127 543 3188 dicit:
586 3129 644 3189 Per
664 3129 868 3210 indulgentias
897 3133 1064 3192 satisfactio
1090 3151 1150 3212 poe·

249 3210 413 3273 nitentialis
436 3222 605 3275 enervatur.
649 3212 717 3272 Hoc
746 3213 870 3273 verbum
898 3213 968 3274 licet
996 3235 1036 3274 ex
1057 3215 1150 3276 dolore

249 3295 351 3372 potius
372 3311 465 3371 quam
482 3311 523 3352 cx
536 3295 633 3371 gratia
647 3297 730 3356 diust
747 3316 838 3376 papa,
859 3303 962 3356 tamen
976 3300 1149 3370 canonistae,

248 3376 327 3436 sicut
348 3383 449 3451 sonat,
470 3375 652 3455 intelligunt.
696 3378 780 3458 Ergo
802 3380 828 3438 si
850 3379 1018 3440 satisfactio
1041 3399 1149 3440 enerva-

248 3465 297 3517 tur
317 3456 553 3536 poenitentialis,
574 3466 668 3537 patet,
690 3461 773 3537 quod
796 3480 856 3521 non
881 3463 938 3520 uisi
960 3480 1149 3542 poenccano·

249 3540 319 3597 nica
339 3541 508 3614 remittitur,
531 3559 599 3599 cum
617 3543 785 3604 satisfactio
798 3544 1026 3622 poenitentialis
1039 3547 1075 3604 sit
1086 3543 1148 3604 nibil

250 3618 343 3696 aliud,
365 3622 422 3678 nisi
445 3623 533 3680 tertia
554 3622 606 3682 illa
621 3643 693 3704 pars
706 3627 913 3704 poenitentiae
937 3628 1148 3688 ecclesiasticae

324 3789 355 3854 1)
377 3791 458 3847 ibid:
478 3799 618 3864 approbet.
656 3799 688 3864 2)
710 3798 790 3852 ibid:
811 3815 891 3868 quas.
