2600 4300
220 336 241 406 d
466 336 621 414 Responsio
648 345 678 398 D.
699 333 774 400 llart.
793 333 905 400 liutheri

220 514 304 594 poris
325 513 437 576 Christi
461 512 507 597 (d
529 515 598 577 XIII
611 536 652 577 m.
673 516 773 591 lunii)
799 511 827 578 a.
848 514 964 576 MDXX
985 513 1024 574 ad
1037 513 1143 593 Spala-

220 598 318 657 tinum
341 596 538 672 dedit(Luth.
550 598 631 679 Epp.
650 598 702 662 sd.
718 597 845 678 AurilI,
867 595 1144 679 paraeneseos

218 679 243 759 I,
264 699 295 760 p.
317 681 404 753 154).
432 681 523 742 Falso
557 689 660 742 autem
694 681 850 761 adscripta
878 689 926 742 est
958 679 1036 741 haee
1056 685 1139 756 ηοω,

218 781 291 824 nant
314 781 384 823 eum
405 763 485 824 hana
506 764 665 845 Replicam
692 763 842 824 Lutherus
863 765 923 824 iam
955 781 1036 824 anuo
1060 761 1142 825 1519

219 847 301 926 &pis
326 846 535 908 recudendam
562 853 716 926 curasset,
738 847 793 908 illa
818 853 893 908 nota
913 843 1074 908 referenda
1095 850 1144 904 est

220 929 259 989 ad
281 928 409 990 alterum
435 932 582 1011 seriptum
604 930 688 1012 Sylv.
708 931 872 1010 Pideriatis,
895 929 978 1010 quod
1000 947 1057 990 nos
1073 928 1144 988 Re-

220 1012 351 1092 pli0ae
371 1012 583 1093 adiunximus,
606 1015 691 1075 cuius
714 1013 817 1074 titulus
844 1019 905 1074 est:

218 1151 406 1232 Epitoma
437 1154 728 1297 Responslilonis
758 1153 804 1214 ad
835 1153 1043 1212 Martinum
1076 1151 1146 1210 Lu-

601 1244 615 1296 t
648 1257 760 1298 erum.

284 1359 432 1420 Silvester
453 1359 535 1420 euim
555 1359 705 1439 Priarias,
728 1379 797 1420 cum
819 1377 873 1437 ea,
896 1377 974 1438 quae
995 1355 1148 1418 Lutherus

161 1449 166 1462 ‘
220 1443 251 1501 in
269 1441 485 1521 Responsione
508 1441 727 1524 adDialogum
748 1461 835 1502 suum
857 1442 1090 1520 consculpserat,
1114 1441 1147 1498 iu

220 1545 258 1586 ea
284 1525 455 1605 divisisset,
487 1545 567 1604 quae
590 1525 739 1586 adversus
772 1544 813 1585 se
843 1530 874 1585 et
896 1542 974 1603 quae
996 1522 1150 1584 adversus

220 1607 326 1670 dieta
364 1628 431 1670 aua
464 1607 631 1687 attulisset,
665 1616 757 1688 atque
788 1607 826 1668 ad
860 1605 913 1666 illa
944 1607 975 1666 in
1005 1605 1150 1685 Replioa,

221 1690 261 1750 ad
281 1690 360 1752 haee
380 1690 441 1751 alio
464 1698 604 1770 ternpore
625 1711 660 1752 se
681 1709 900 1770 responsurum
921 1688 1149 1769 praedicasset,

219 1775 318 1854 primo
342 1775 440 1834 maius
462 1792 539 1853 opus
562 1774 686 1834 molitus
710 1792 779 1834 esse
801 1772 921 1834 videtur
952 1771 990 1832 ad
1019 1770 1150 1833 Lutheri

219 1856 301 1916 dieta
322 1855 510 1935 refellenda,
532 1857 587 1916 sed
608 1864 734 1937 postea,
757 1875 826 1917 oum
847 1857 908 1916 hoo
929 1853 1084 1916 difficilius
1110 1874 1151 1914 ao

220 1939 380 2000 molestius
415 1946 591 2019 susceptum
620 1941 821 2020 cognovisset
850 1957 950 2017 neque
978 1939 1052 1998 satis
1082 1957 1150 1997 ma-

220 2030 287 2084 ture
319 2021 468 2103 perlicere
501 2028 627 2102 posset,
656 2028 846 2101 commenta,
876 2019 983 2100 quibus
1020 2019 1150 2080 Lutheri

219 2106 331 2185 iacula,
354 2113 388 2166 ut
409 2106 461 2185 ait,
484 2106 515 2166 iu
537 2103 650 2167 diota
671 2125 727 2167 sua
747 2104 866 2169 vibrata
887 2111 980 2184 atque
1001 2110 1151 2165 contorta

218 2187 388 2250 selecturus
411 2196 486 2269 erat,
508 2188 722 2251 tantummodo
736 2187 933 2249 adumbrasse
955 2194 1047 2266 atque
1062 2206 1150 2248 eom·

221 2270 372 2351 pendisse
394 2273 617 2351 conscripsisse
639 2272 776 2349 videtur,
800 2271 929 2331 ethaeo
950 2270 1148 2331 adumbratio

222 2356 327 2435 scripti
356 2354 529 2435 grandioris
563 2355 710 2415 adversus
732 2354 854 2415 Lutheri
881 2352 963 2414 diota
985 2354 1149 2415 constituti

202 2438 353 2518 ,primurn
375 2437 490 2517 prodiit
510 2437 566 2499 sub
588 2438 693 2499 titulo:

304 2518 441 2581 Silvestri
462 2522 604 2581 Prieratis
626 2520 771 2601 Epitoma
800 2520 1010 2601 responsionis
1033 2518 1073 2579 ad
1089 2519 1148 2579 Lu-

155 2625 159 2632 ’
221 2603 351 2665 theram.
377 2595 522 2664 Pdrusiae
554 2604 635 2684 typis
662 2604 841 2685 invigilante
866 2610 896 2664 et
923 2610 1089 2663 accurante
1113 2602 1148 2663 F.

221 2684 361 2766 Gaspare
383 2686 422 2747 de
434 2686 560 2748 Perusia
580 2686 653 2747 Ord.
671 2687 779 2747 Praed.
802 2706 870 2747 eum
893 2685 1011 2745 duobus
1033 2704 1074 2745 ex
1098 2704 1148 2746 or-

222 2769 295 2829 dine
316 2768 474 2830 sodalibus
496 2770 553 2830 sibi
575 2770 700 2830 adscitis
715 2790 771 2851 per
779 2768 997 2849 Hieronymum
1005 2768 1149 2837 Francis-

222 2872 290 2912 cum
300 2850 501 2914 Oartularium
509 2852 582 2913 dicti
590 2854 622 2913 F.
632 2852 778 2933 Gasparis
790 2852 974 2913 fratruelem.
988 2850 1147 2929 rotatu.

550 2934 660 3019 (Paua.
684 2922 795 2996 Annal.
816 2942 881 3015 typ.
904 2934 982 3011 VIII,
1008 2936 1101 3007 224.)
1171 2940 1174 2949 '

306 3017 396 3078 Hune
417 3017 524 3079 llbrunt
547 3018 650 3079 medlo
673 3019 737 3079 lere
759 3037 840 3079 anno
861 3020 940 3083 1520
961 3018 992 3077 iu
1014 3016 1149 3077 Germa-

222 3101 274 3161 nia
293 3102 464 3161 innotuisse
487 3109 518 3162 et
537 3101 701 3162 Lutherum
725 3102 825 3162 statim
849 3102 930 3181 typis
954 3118 1023 3160 eum
1046 3100 1149 3161 divul-

222 3182 316 3264 gandi
349 3184 509 3244 eonsilium
527 3186 647 3265 cepisse
674 3203 799 3245 cernere
827 3184 901 3244 licet
930 3204 969 3243 ex
998 3182 1148 3263 epistola,

222 3261 313 3345 quain
338 3266 464 3346 (menae
483 3267 595 3347 lunio)
618 3286 647 3329 a
671 3270 751 3332 1520
773 3266 813 3327 ad
836 3266 1025 3345 Spalatiuurn
1049 3262 1148 3352 dedit,

222 3350 274 3409 ubl
295 3348 373 3409 haee
395 3350 556 3430 leguntur:
579 3350 687 3425 „Mitto
710 3350 826 3410 litteras
838 3350 1147 3429 Nurrnbergenaium,

222 3432 263 3491 mi
286 3430 459 3511 spalatina,
482 3452 560 3493 cum·
573 3433 754 3494 Silvestrlna
775 3427 932 3521 ἐπιτομῇ,
961 3450 1053 3511 quarn
1074 3433 1149 3512 ipse

223 3515 359 3594 epitoma
381 3523 484 3594 vocat,
505 3516 599 3577 homo
623 3536 736 3597 graeco
760 3515 906 3577 barbarus
929 3521 960 3575 et
982 3515 1079 3576 latino
1094 3532 1148 3575 eo-

223 3615 301 3675 quus
322 3599 369 3675 ³²).
422 3598 469 3657 'ru
502 3601 604 3659 statim
638 3600 772 3660 remitte:
804 3598 973 3659 excudetur
1002 3617 1077 3659 mox
1113 3600 1148 3657 in

221 3678 345 3740 laudem
377 3687 408 3740 et
426 3681 557 3762 gloriam
586 3684 723 3742 omnium
749 3683 884 3744 hostium
915 3683 1051 3743 veritatis
1073 3700 1148 3742 curn

428 3784 634 3799 Ἤ

261 3842 290 3910 ·)
309 3840 415 3898 Alludit
431 3840 477 3897 liic
494 3842 609 3913 salibus,
628 3856 699 3912 quos
718 3840 891 3896 Basileeuses
910 3843 940 3893 in
958 3838 1073 3895 edendis
1094 3840 1149 3893 Lu·
