2600 4300
193 263 276 392 'w
305 365 312 370 ,
521 313 649 382 Epistola
667 312 744 368 llus.
765 311 877 388 Lndrtrl

383 521 717 626 Venerabilib'us
747 517 960 620 Patribus

257 717 287 769 et
296 707 462 792 ,natabus
484 709 663 854 Conveffitus
683 707 944 774 Jutterbocoensis
972 702 1103 769 Ordinis

620 811 750 854 morum.

295 957 429 1018 Salutem
453 963 614 1037 etpacem.
637 953 768 1020 Oblatas
790 954 947 1018 suntmihi
961 951 1044 1016 duae
1057 947 1144 1011 scbe·
1165 998 1171 1009 ,

213 1038 314 1117 dulae,
337 1037 527 1100 venerabiles
551 1035 666 1116 Patres,
689 1057 816 1120 quarum
838 1037 899 1104 una
920 1036 960 1100 ad
984 1037 1143 1123 Reversu-

213 1123 286 1183 diss.
308 1122 345 1184 D.
368 1122 580 1204 Episcopum,
610 1121 768 1185 dominum
797 1127 936 1184 nostrum
966 1119 1143 1202 gratiosum

213 1203 413 1266 Brandenbur
434 1224 562 1279 ensem,
591 1223 610 1266 a
631 1210 699 1266 toto
721 1209 876 1268 conventu
896 1203 1009 1282 missa,
1037 1219 1143 1264 meum

213 1305 327 1350 nomen
350 1287 400 1348 foe
423 1287 532 1348 rssime
548 1292 744 1366 conspurcat,
767 1294 798 1348 et
819 1285 937 1368 aliquot
950 1284 1144 1366 Propositio·

213 1389 268 1444 nes
290 1372 462 1430 verissimas
484 1369 654 1448 impudenti
669 1369 848 1436 'temeritate
869 1371 969 1450 arguit
992 1385 1143 1432 erroneas

214 1471 290 1515 esse.
325 1453 393 1536 Ego
417 1473 492 1517 saue
513 1451 555 1513 lui
582 1453 656 1516 satis
679 1453 860 1532 admiratus,
881 1449 968 1531 quod
993 1469 1065 1528 vas,
1090 1450 1143 1528 qui

214 1531 428 1601 observantiae
456 1535 544 1611 titulo
570 1531 738 1612 inflamini,
766 1542 796 1596 et
821 1534 928 1614 populi
960 1552 1021 1594 vos
1041 1532 1143 1598 salva-

213 1626 296 1678 tores
317 1619 438 1678 iactatis
460 1627 492 1678 et
512 1617 634 1677 tunicae
658 1615 848 1678 inconsutilis
874 1617 1039 1694 zelatores,
1061 1615 1142 1680 adeo
1202 1613 1203 1682 l

213 1701 328 1760 fueritis
351 1701 437 1762 obliti
461 1700 623 1783 evangelii,
645 1707 678 1762 ut
700 1706 846 1762 nonanta
859 1701 996 1766 Fratrem
1014 1717 1141 1768 monue-
1202 1707 1203 1730 ³

213 1781 287 1860 ritis,
309 1783 388 1842 inter
402 1789 432 1843 te
454 1789 485 1844 et
505 1784 604 1863 ipsum
629 1789 680 1859 (ut
703 1783 860 1862 inquit*))
885 1783 997 1860 solum,
1019 1801 1058 1842 aa
1079 1801 1142 1846 ma-

235 1866 259 1923 's
282 1863 421 1926 voluistis
444 1865 633 1928 detractores
656 1863 748 1928 alieni
772 1867 931 1944 nominis,
944 1873 1034 1944 tum,
1059 1863 1142 1944 quod
1202 1919 1203 1954 ,

226 1947 334 2008 oediua
356 1955 413 2025 est,
434 1947 549 2009 iudices
564 1947 685 2012 alienas
701 1949 874 2014 sententiae
887 1949 1057 2014 autoritate
1074 1963 1141 2028 pro·
1202 1961 1203 2026 l

213 2031 281 2112 pria
301 2029 376 2092 lieri.
407 2029 463 2095 Est
492 2033 552 2091 ista
573 2031 718 2112 superbia
740 2038 771 2094 et
791 2029 960 2112 petulantia
980 2030 1142 2112 religionis
1202 2029 1203 2064 ³

191 2120 336 2193 ,vestrae
358 2120 389 2173 et
411 2113 627 2175 observantiae
645 2113 777 2177 modus?

298 2189 422 2275 Verum,
443 2218 483 2259 ne
504 2196 628 2262 reddam
653 2198 766 2261 malurn
788 2217 843 2279 pro
867 2198 959 2275 malo,
981 2198 1140 2279 optionem

102 2268 112 2291 '
215 2278 301 2339 vobis
332 2279 382 2340 do.
410 2280 472 2340 Aut
499 2286 645 2341 revocate
669 2280 749 2343 hana
771 2282 997 2358 temeritatem,
1021 2286 1053 2340 et
1073 2280 1141 2340 red·

214 2361 277 2421 dite
298 2361 370 2421 mihi
394 2380 506 2425 nomeu
530 2382 649 2443 meum,
672 2370 725 2425 aut
747 2382 806 2448 ego
826 2362 990 2445 publiaabo
1012 2382 1071 2443 per
1089 2364 1141 2422 im·

214 2460 388 2525 pressuram
410 2442 490 2505 banc
511 2452 646 2513 vestram
668 2444 866 2525 schedulam,
895 2444 1018 2510 adiecta
1039 2445 1141 2511 coniu-
1202 2462 1203 2491 l

215 2526 332 2586 tatione
356 2533 476 2587 vestrae
497 2528 708 2609 ignorantiae,
739 2528 822 2608 quod
845 2548 908 2590 non
940 2530 997 2589 erit
1019 2528 1139 2589 honori·

216 2607 307 2668 ficum
330 2609 438 2675 Ordini
460 2617 574 2674 vestro.
596 2611 677 2689 Vos,
729 2614 759 2673 ui
782 2618 903 2677 vestrae
925 2611 1140 2677 observantiae
1202 2632 1203 2641 ¹

215 2691 274 2750 ritu
298 2688 399 2751 studia
421 2694 640 2772 contemnitis,
663 2700 693 2755 et
708 2630 818 2757 iiteras
839 2706 950 2776 sponte
972 2694 1068 2760 vultis
1088 2714 1140 2757 ne·
1202 2706 1203 2767 ζ

216 2773 307 2849 scire,
328 2774 383 2835 aed
406 2780 524 2836 tantum
539 2774 708 2839 visionibus
731 2784 762 2839 et
783 2778 1022 2859 cogitationibus
1033 2780 1139 2841 vestris
1202 2780 1203 2819 ἶ

215 2854 364 2935 populum
394 2875 566 2938 occupare,
598 2856 748 2939 decebat,
786 2866 819 2920 ut
840 2860 986 2938 sileretis,
1011 2868 1043 2921 et
1064 2860 1139 2924 alios
1202 2872 1203 2923 ὲ

216 2936 339 2997 studere
360 2940 586 3019 permitteretis.
618 2938 688 3005 Mea
717 2942 856 3005 doctrina
884 2942 978 3005 tribus
1000 2944 1091 3017 annis
1111 2945 1139 3003 in
1202 2932 1203 3013 l

215 3013 423 3082 Universitate
450 3029 557 3083 nostra
577 3024 700 3085 assidue
722 3034 770 3085 est
791 3027 921 3105 agitata,
951 3024 1092 3089 discussa
1112 3032 1139 3087 et
1202 3036 1203 3061 ³

149 3157 155 3164 .
216 3102 360 3180 iudicata,
372 3102 568 3184 disputando,
582 3106 724 3193 legando,
748 3107 900 3187 docendo,
923 3107 1139 3187 praedicando,
1202 3104 1203 3119 ¹

217 3184 397 3265 scribendo,
424 3205 494 3250 cum
522 3188 706 3251 acutissimis
736 3197 767 3251 et
798 3190 1040 3272 diligentissimis
1061 3192 1138 3269 viris,

98 3299 99 3304 κ
215 3267 348 3334 necdum
376 3268 503 3332 inventa
534 3269 676 3349 reproba.
712 3268 753 3337 Et
783 3292 864 3335 nunc
891 3280 964 3354 post
984 3274 1137 3337 fornacem
1202 3326 1203 3333 ,

216 3350 311 3411 vestri
332 3352 539 3416 convenn‘culi
560 3352 598 3415 ab
623 3373 685 3415 uno
720 3363 774 3421 sut
795 3355 914 3421 duobus
944 3354 1137 3421 stertentibus
1202 3356 1203 3427 i

216 3426 380 3510 Fratribus,
397 3434 447 3511 qui
465 3436 643 3509 magistrum
656 3436 735 3497 forte
751 3436 891 3499 viderunt
912 3436 1090 3519 aliquando,
1110 3445 1136 3507 ct
1202 3438 1203 3515 ζ

218 3523 431 3590 cognoverunt
460 3534 635 3595 nunquam,
663 3518 756 3580 debet
789 3520 947 3587 haeretica
980 3518 1135 3582 damnari?
1202 3548 1203 3561 ¹

216 3591 337 3670 Videte,
359 3614 398 3653 ne
419 3614 475 3656 vos
497 3599 696 3660 inveniamini
714 3601 871 3687 haeretici,
894 3606 1076 3665 et‘omnino
1097 3610 1133 3664 ta·

221 3708 631 3733 .-...-.-..-.,.„-„

272 3772 303 3836 ⁴¹)
323 3774 419 3829 Ilattia
438 3778 482 3833 18.
