2600 4300
384 299 425 354 ae·
439 300 506 355 nur.
525 301 554 356 r.
574 302 641 373 sut.
658 303 808 358 mertens.
1048 299 1071 370 v.

155 473 239 552 logne
267 469 320 540 ille
352 476 422 553 tuus
449 471 525 553 satis
547 469 786 553 superciliosus,
814 473 846 530 et
871 470 964 562 plane
986 477 1068 546 totus

155 553 271 617 Italicus
293 551 548 630 etThomisticus,
569 553 600 612 in
624 572 685 635 quo
709 553 764 614 etsi
788 553 932 630 causaris,
954 559 985 617 tc
1007 553 1069 627 iam

155 656 252 698 senem
276 637 431 716 armisque
461 636 621 696 desuetum
660 635 761 696 denuo
795 636 871 696 meis
892 637 992 697 verbis
1030 637 1070 698 ad

154 727 303 801 certarnen
326 719 460 801 impelli,
494 724 595 778 tamen
617 719 702 780 velut
722 719 862 778 Entellus
884 719 997 798 illede
1021 739 1070 800 me

155 804 261 862 Darete
287 808 340 876 (ut
360 800 424 884 ais)
448 802 562 862 referre
588 821 678 880 paras
711 803 870 862 victoriam
901 803 1069 886 insperato,

154 887 208 946 nisi
240 885 326 963 quod
361 905 398 946 ec
428 886 497 964 ipso
518 885 634 944 Dareta
661 887 758 966 magis
791 904 880 964 quarn
913 883 1067 963 Entellum

96 1010 97 1013 η
154 967 287 1046 exhibes,
311 966 394 1045 quod
416 987 555 1029 rumores
576 969 667 1048 ponis
690 963 761 1028 ante
784 967 934 1044 salutem,
964 973 995 1028 et
1019 956 1070 1058 (ut

154 1051 273 1120 dicitur)
299 1050 484 1113 Encomium
506 1056 577 1109 ente
598 1052 768 1112 victoriam.
791 1051 859 1134 Age
881 1051 991 1132 igitur,
1021 1049 1070 1113 fac

96 1198 97 1223 ,
152 1133 227 1212 quod
249 1134 338 1211 sacis,
359 1132 414 1194 fiat
437 1134 579 1194 voluntas
601 1133 746 1212 Domini,
768 1133 857 1192 Vale.

226 1215 346 1277 Omitto
368 1216 569 1276 fundamenta
591 1221 658 1295 tua,
681 1235 810 1294 quorum
832 1213 1070 1298 intelligentiam

152 1300 244 1380 magis
270 1300 420 1380 suspicor,
444 1319 535 1378 quam
558 1300 658 1377 capio,
691 1299 731 1358 Et
754 1317 839 1360 more
862 1295 1068 1380 exemploque

152 1391 197 1442 tuo
219 1382 295 1444 mihi
319 1402 442 1461 quoquc
465 1381 665 1442 fundamenta
684 1383 804 1458 iaciant,
827 1399 955 1442 necesse
977 1391 1033 1441 est.

226 1466 366 1525 Primum
390 1472 440 1528 est
460 1464 535 1524 illud
557 1465 591 1526 B.
612 1465 699 1524 Pauli
713 1465 769 1546 *):
793 1463 904 1524 Omnia
925 1463 1069 1544 probate,

96 1526 97 1533 ἵ
151 1545 226 1627 quod
249 1547 368 1608 bonum
392 1554 439 1608 est
461 1553 579 1625 tenete,
608 1553 639 1609 et
660 1546 748 1608 Gala.
772 1551 807 1610 1:
827 1545 858 1608 Si
880 1547 1008 1628 angelus
1031 1547 1070 1611 dc

96 1688 97 1691 ,
150 1631 236 1692 coelo
260 1630 344 1690 aliud
365 1631 455 1691 vohis
477 1629 749 1711 evangelizaverit,
774 1650 864 1710 quarn
896 1631 1069 1710 accepistis,

96 1728 97 1807 p
151 1713 316 1775 anathema
337 1714 385 1774 sit.

228 1795 404 1857 Secundum
437 1802 484 1855 est
510 1772 585 1854 illud
609 1796 642 1856 B.
666 1794 828 1876 Augustini
860 1793 899 1856 ad
920 1793 1070 1876 Hierony-

96 1880 97 1941 }
151 1900 245 1938 mum:
275 1879 345 1960 Ego
368 1879 444 1939 solis
466 1879 510 1938 eis
533 1879 634 1957 libris,
665 1880 716 1956 qui
738 1879 879 1938 canonici
912 1877 1077 1957 appellen*

96 1962 97 2043 ᾗ
151 1970 203 2040 tur,
221 1962 308 2022 hunc
327 1962 479 2022 honorem
493 1960 613 2022 deferre
634 1960 736 2040 didici,
759 1968 792 2020 ut
805 1960 922 2022 nullum
944 1962 1069 2040 scripto·

96 2068 97 2083 ¹
150 2064 210 2104 rem
238 2064 347 2105 eorum
388 2063 506 2104 errasse
541 2043 714 2104 firmissime
760 2042 892 2104 credam.
942 2042 1070 2104 Ceteros

152 2134 261 2205 autern,
285 2120 476 2207 quantalibet
496 2126 637 2188 doctrina
667 2129 891 2206 sanctitateque
921 2126 1070 2209 polleant,

153 2230 210 2271 non
232 2211 305 2272 ideo
326 2230 432 2271 verum
457 2230 525 2270 esse
547 2210 660 2289 credo,
684 2212 755 2289 quia
776 2211 820 2269 illi
843 2211 887 2271 sic
909 2218 1071 2270 senserunt

154 2300 206 2355 etc.
988 2316 991 2328 ·
1021 2306 1023 2313 ⁴

209 2376 347 2437 Tertium
368 2374 445 2434 illud
468 2374 532 2435 Cle.
555 2377 594 2435 de
614 2394 686 2455 poe.
709 2382 740 2435 et
768 2395 812 2437 re.
837 2374 890 2436 Oa.
914 2374 1072 2435 abusioni-

154 2460 221 2519 bus:
245 2458 466 2533 Quaestoribus
489 2458 563 2518 nihil
585 2459 679 2518 licere
704 2459 751 2533 (in
781 2460 879 2518 veniis
894 2457 1073 2539 praedicari·-

155 2540 216 2624 dis)
239 2560 417 2621 proponere
439 2542 572 2621 populo,
603 2558 694 2619 quam
718 2540 800 2619 quod
823 2542 854 2599 in
877 2558 982 2601 eorum
1005 2536 1072 2601 lite-

154 2626 192 2683 ris
214 2625 398 2702 continetur,
420 2623 482 2682 hoc
503 2631 559 2702 est,
583 2624 666 2703 quod
688 2629 719 2683 tu
744 2623 830 2703 dicis,
853 2642 900 2702 ea,
922 2641 1001 2703 quae
1025 2640 1072 2683 ee·

157 2708 247 2769 clesia
269 2706 309 2767 de
331 2707 413 2767 facto
436 2706 518 2767 iacit.

232 2790 288 2850 His
310 2788 527 2867 fundamentis,
551 2791 575 2849 si
599 2808 648 2849 me
669 2790 830 2869 intelligis,
853 2788 942 2848 simul
963 2788 1073 2848 intelli·

157 2876 216 2955 gis,
237 2880 338 2933 totum
359 2879 445 2931 tuum
468 2872 623 2952 dialogum
645 2872 779 2933 funditus
802 2890 950 2932 eversum.
993 2870 1072 2931 Nam

157 2963 346 3037 tuperpetuo
368 2972 425 3033 pro
440 2956 602 3017 verborum
621 2962 708 3015 textu
729 2974 790 3015 non
814 2956 873 3014 nisi
885 2952 1074 3015 nudaverba

96 3107 97 3110 Ἴ
158 3040 264 3119 ponis,
287 3044 340 3097 aut
362 3036 445 3097 solas
468 3040 630 3118 opiniones
652 3038 716 3097 divi
737 3038 877 3097 Thomas
898 3037 971 3097 mihi
992 3054 1075 3097 nunc

160 3121 276 3183 demum
303 3120 473 3198 decantas,
502 3122 552 3198 qui
583 3138 682 3201 acque
707 3124 758 3198 (ut
779 3124 828 3196 tu)
859 3119 949 3179 nudis
973 3118 1073 3179 verbis

162 3367 234 3432 stola,
254 3369 332 3419 euius
349 3367 457 3418 initium
481 3370 544 3418 est:
563 3364 655 3434 Opera
674 3371 722 3417 tna
740 3380 814 3417 nunc
834 3370 904 3430 etc,
924 3363 993 3415 haec
1012 3362 1075 3414 seri·

162 3440 208 3492 bit:
227 3439 349 3507 Dialogo
369 3438 543 3502 silvestrium
563 3452 628 3489 vere
648 3436 766 3491 silvestri
784 3442 811 3489 et
828 3435 943 3501 inculto,
961 3435 1016 3487 iam
1029 3448 1075 3487 re-

162 3510 297 3577 spondeo,
330 3508 406 3577 quod
435 3514 523 3561 totum
544 3524 611 3560 mox
630 3509 767 3571 habebis,
791 3512 821 3558 ut
840 3508 966 3574 peretum
985 3506 1075 3568 luerit,

163 3581 209 3633 Die
219 3582 245 3636 S.
255 3582 372 3648 Cyriaci.
393 3578 466 3646 (d.8.
477 3581 597 3649 Augusti
613 3586 663 3641 m.)
676 3581 758 3632 Anno
770 3578 848 3647 1518,
868 3583 895 3629 et
912 3578 1027 3645 inepist.
1041 3575 1077 3627 ad

96 3683 97 3694 κ
164 3654 328 3721 Spoletinum
349 3652 429 3705 data:
458 3652 534 3706 Mitto
558 3667 647 3721 nugas
668 3668 745 3705 meas
765 3651 966 3717 nugacissimas
986 3654 1012 3701 et
1031 3663 1076 3700 ex·

96 3717 97 3784 s
164 3726 405 3793 temperatissimas
431 3723 564 3776 adversus
587 3722 751 3775 Silvestrum
776 3720 862 3775 hiduo
880 3722 990 3776 effusas.
1021 3720 1077 3785 Pri-

165 3795 205 3850 die
221 3796 278 3851 Gal.
299 3795 472 3867 Septembres
492 3796 571 3851 1518.
591 3822 626 3835 ·-·
646 3794 677 3863 ‘)
701 3794 721 3847 1.
740 3792 836 3849 Thess.
857 3790 882 3846 5.
900 3846 903 3860 ,
927 3858 930 3867 Δ
