2600 4300
244 325 286 398 44
495 335 653 407 mancuso
672 335 705 412 1),
719 335 796 394 nara
816 336 927 394 seusu

328 505 377 568 Ad
411 508 600 570 tricesimam·
628 511 765 590 quintam
797 509 893 572 dicis:
936 507 1061 570 Nullum
1094 525 1164 568 esse

247 588 485 654 declamatorem
506 611 586 668 reor,
608 595 660 673 qui
681 599 743 654 tam
766 593 857 654 stulte
880 593 1027 656 docuerit

328 674 531 754 Respondeo:
553 675 622 757 Ilgo
644 695 707 738 non
728 695 815 756 reor,
838 676 892 738 sad
915 677 990 737 scio.
1031 673 1167 736 Essiam

247 757 327 817 enim
350 757 445 818 libelli
466 759 663 839 positionum,
686 759 794 839 quibus
810 759 842 820 id
853 779 916 820 nou
929 759 1027 819 solum
1038 758 1166 835 docent,

245 839 301 900 scd
323 840 367 900 ite
387 839 572 920 defenduut,
593 849 627 902 ut
646 843 835 905 eontrarium
856 847 996 904 asserent
1017 859 1165 902 errorem.

202 935 206 943 ’
244 921 363 984 Idcirco
383 924 492 984 iterum
513 943 590 1006 rogo
606 925 774 1004 dominum,
796 931 829 987 ut
850 925 999 987 Thalnam
1023 923 1165 984 ltalicum

246 1012 278 1066 et
297 1005 514 1067 Germanicum
534 1007 591 1067 sihi
613 1007 785 1070 discordem
807 1009 905 1090 primo
928 1006 1107 1084 concordet,
1130 1012 1166 1066 ut

244 1087 366 1166 faciam,
387 1090 447 1149 utri
468 1109 601 1171 pugnam
623 1091 674 1151 vel
697 1091 813 1154 cedem

328 1170 389 1232 Sed
409 1173 517 1232 iterum
538 1173 578 1233 ed
601 1173 732 1234 solidum
755 1175 903 1256 refugium
924 1173 1029 1250 renis,
1049 1171 1082 1232 id
1105 1177 1166 1248 est,

246 1253 287 1314 ad
306 1254 567 1334 improprietatem
586 1257 667 1317 torte
688 1256 809 1318 dicens:
843 1256 875 1318 ei
904 1257 954 1336 qui
982 1263 1085 1316 temen
1108 1253 1165 1314 do-

246 1343 366 1415 cerent,
401 1336 482 1416 quod
515 1358 577 1400 non
599 1339 722 1402 contriti
760 1359 823 1401 non
848 1359 929 1400 rane
955 1337 1166 1419 indulgentias

246 1426 477 1499 consequuntur
501 1423 591 1500 (quia
611 1421 781 1502 proderunt
800 1423 1005 1500 contritione,
1027 1441 1067 1481 ex
1088 1426 1167 1501 post

245 1503 327 1564 iacto
350 1501 548 1582 accedente),
569 1523 632 1566 non
654 1505 735 1566 male
756 1505 869 1567 docent
889 1504 970 1584 apud
987 1504 1165 1584 complures

245 1587 371 1666 peritos.
831 1639 834 1644 ,

327 1667 411 1749 Ergo
432 1668 464 1729 id
486 1668 689 1730 Christianum
713 1677 761 1732 est
780 1669 978 1752 praedicare?
1005 1669 1066 1731 Gur
1087 1688 1166 1750 ergo

246 1752 396 1831 scriptura
416 1771 473 1814 nos
494 1751 645 1830 hortatur,
683 1759 716 1814 ut
742 1755 924 1834 quantocius
948 1758 1165 1814 convertemus

245 1841 278 1895 et
299 1840 522 1896 convertemur.
564 1835 605 1895 Et
637 1836 751 1901 nullam
784 1837 836 1898 dat
866 1835 1009 1898 fiduciam
1042 1836 1166 1896 futurae

243 1918 469 1998 poenitentiae,
491 1919 613 1980 interim
637 1937 744 1980 secure
765 1919 809 1995 2)·
822 1919 956 1980 dilatae?
993 1917 1054 1980 flod
1077 1919 1164 1978 omni

244 1999 322 2060 hore
341 2000 530 2081 vigilandum
546 2000 646 2080 docet,
668 2001 734 2062 sive
755 2003 879 2064 valeant
897 2001 1109 2083 indulgentiae
1131 2001 1164 2060 in

244 2083 388 2162 futurum,
410 2085 476 2145 sive
496 2103 569 2163 non,
590 2081 667 2144 nihil
688 2103 771 2149 curo.
792 2085 825 2145 ld
847 2103 930 2163 curo,
952 2083 1035 2165 quod
1055 2102 1112 2165 pro
1129 2103 1165 2143 re

245 2166 422 2240 levissima,
444 2166 475 2227 id
499 2175 561 2246 est,
584 2168 681 2228 veniis
703 2188 766 2228 rem
788 2168 873 2228 illam
892 2170 1108 2251 gravissimam
1132 2172 1165 2226 et

245 2249 343 2311 solam
365 2252 580 2328 necessariam,
602 2249 635 2310 id
657 2256 718 2328 est,
739 2251 955 2313 contritionem
977 2256 1040 2312 tom
1059 2250 1165 2309 viliter

245 2334 456 2412 aestimamus,
488 2340 551 2394 tam
571 2332 681 2414 frigide
703 2352 857 2413 curramus,
889 2340 924 2395 ut
950 2352 1012 2403 non
1041 2331 1082 2393 ad
1103 2350 1165 2392 nos

244 2416 397 2495 pertinere
418 2416 572 2495 videatur,
601 2435 662 2495 quo
690 2424 830 2497 tempore
851 2424 996 2497 peccator
1017 2434 1087 2477 eam
1109 2412 1164 2476 ob-

245 2498 357 2577 tineat,
379 2497 474 2559 modo
494 2500 796 2579 praesentassemus
817 2500 961 2579 redimet,
989 2518 1063 2579 quas
1093 2516 1164 2558 oum
1205 2562 1206 2567 γ

246 2581 313 2640 sine
344 2580 481 2660 pericqu
507 2600 571 2642 uon
599 2582 700 2643 solum
724 2582 868 2661 differre,
897 2582 1063 2645 sedetiam
1087 2600 1165 2641 num

246 2681 337 2741 quam
357 2662 508 2725 redimere
528 2664 634 2742 liceat,
657 2665 764 2727 sedulo
782 2673 883 2728 tamen
905 2667 1041 2747 ammos,
1062 2682 1104 2724 ne
1130 2662 1161 2744 ¹)

247 2744 380 2811 differat.
399 2744 430 2806 si
450 2745 482 2806 id
503 2766 609 2807 amore
617 2749 771 2828 pecuniae
791 2768 854 2811 non
877 2748 920 2824 fit,
942 2768 994 2809 cur
1017 2766 1081 2809 uon
1099 2752 1164 2807 tam

246 2826 354 2888 sedulo
375 2829 504 2909 agimm,
526 2849 566 2889 ne
587 2832 803 2892 contritionem
825 2830 963 2892 differat?
985 2830 1163 2910 Proprietas

246 2910 337 2971 hicne
358 2911 483 2973 obstet?
504 2913 609 2973 omnia
628 2919 691 2973 tam
709 2920 797 2975 acute
813 2932 870 2994 pro
883 2915 1041 2975 veniarum
1062 2913 1165 2994 gloria

116 3008 122 3026 ¹
246 2994 468 3075 excogitentur,
490 2996 652 3075 olimpius
674 3015 751 3076 sum,
773 2998 824 3077 qui
845 3016 901 3077 pro
921 2998 1019 3078 gretia
1039 2996 1099 3057 Dei
1112 2994 1163 3055 vel

246 3075 367 3156 stupide
388 3075 520 3157 disputo.

328 3157 377 3218 Ad
398 3160 583 3221 trIcesimem
614 3167 734 3222 sextam
761 3160 852 3240 dicis,
883 3161 966 3241 quod
995 3161 1034 3222 sit
1055 3160 1164 3221 haere-

245 3241 317 3318 tica,
338 3240 450 3303 deinde
471 3243 706 3323 poenitentiales
719 3250 1010 3323 canonesevacuet,
1034 3250 1164 3319 evertet,

246 3329 278 3384 et
305 3325 425 3385 tertiam
457 3332 577 3405 partem
605 3328 815 3407 poeniteutiae
848 3328 1165 3403 satisfactionem,-et

246 3409 351 3467 omnia
363 3408 600 3488 iuraloquentia
620 3409 659 3470 de
679 3411 879 3489 poenitentia,
903 3410 1162 3491 etpurgatorium.

180 3513 184 3530 x
246 3487 346 3565 Adde,
368 3508 494 3569 quaeso,
518 3497 550 3551 et
570 3491 690 3553 coelum
713 3499 744 3553 et
759 3499 880 3573 terram,
901 3499 934 3554 ut
955 3492 1060 3553 omnia
1080 3510 1162 3552 oom-

246 3570 428 3649 prehendas.

539 3700 661 3707 ---.—-a

247 3751 315 3876 nell?
335 3752 418 3806 Ima:
444 3768 568 3809 maurae.
592 3753 634 3823 ’9)
656 3754 686 3809 lu
702 3752 746 3811 ed.
767 3726 832 3809 tan(
857 3756 995 3811 additam:
1024 3756 1161 3810 somnus-
