2600 4300
408 271 444 332 ιε
462 274 563 338 smair
579 273 825 350 moerorum,
1010 274 1073 366 εει

155 445 216 505 sire
234 462 300 505 non
322 450 417 523 erret,
437 444 497 510 sed
514 446 588 527 qnia
609 444 752 513 creditur.
793 444 859 507 Nec
879 445 961 510 heac
978 444 1073 512 fldem
1123 486 1129 500 ·

154 532 252 607 potest
273 528 442 592 reservatio
465 546 600 611 casuum*
614 524 773 611 impedire,
795 528 853 590 nisi
876 534 958 608 εεεει
979 522 1074 594 mani-

154 610 230 671 festa
250 616 284 671 ει
304 618 492 695 contemptu.
883 604 894 690 j
1067 659 1070 670 .

233 690 369 756 Proinde
389 688 469 772 dico,
489 687 585 755 borno
607 692 731 775 qnando
753 694 784 759 in
808 700 939 775 peccato
955 700 1012 774 est,
1030 694 1076 763 itu

153 782 284 837 εεεειεῐ
305 784 336 839 ει
357 776 499 861 agitatur
512 774 701 841 conscicntia
722 778 803 855 eius,
838 784 871 839 ut
898 794 956 841 suo
985 794 1078 841 sensu

154 859 255 939 potius
277 859 392 946 pertici
415 860 550 921 ationem
584 860 722 923 omnium
748 859 898 923 malorum
924 878 994 921 sese
1016 854 1078 923 orc'·
1176 920 1180 930 ,

153 941 204 1004 dat
224 940 351 1006 babere
392 879 433 1006 Et
454 942 523 1005 tuiis
544 942 638 1008 homo
662 950 743 1025 certe
763 944 924 1025 proximus
936 950 983 1005 εει
997 944 1078 1004 iusti·

152 1024 307 1103 ficationi,
340 1033 371 1085 ει
396 1024 490 1087 hebet
520 1026 639 1090 initium
661 1026 788 1109 gratiae.
828 1024 902 1089 Ideo
926 1026 954 1087 ei
976 1025 1079 1089 coniu-

151 1106 298 1189 giendum
321 1115 369 1172 est
389 1108 429 1185 ud
453 1108 596 1169 solatium
619 1109 761 1186 clavium,
785 1115 817 1172 ut
838 1108 962 1171 arbitrio
981 1127 1080 1171 sacer·

152 1190 232 1251 dotis
255 1191 427 1271 quietem,
456 1199 616 1274 etpuceur
638 1190 792 1269 obtineat,
825 1200 917 1273 utque
935 1184 1078 1253 fiduciam
1126 1250 1131 1267 ,
1174 1202 1178 1209 “

100 1288 107 1305 ·
152 1282 362 1353 consequatur
384 1273 626 1358 participationis
649 1276 785 1343 omnium
803 1272 954 1335 bonorum
968 1272 1078 1335 Christi

151 1364 183 1417 et
208 1356 374 1420 ecclesius.
423 1356 514 1433 Quod
546 1358 572 1419 si
609 1357 676 1436 quis
704 1356 785 1417 hanc
812 1358 1079 1437 participationem

152 1438 256 1513 officio
279 1438 450 1504 sacerdotis
473 1440 532 1503 sibi
554 1436 666 1502 iactam
682 1458 742 1499 non
767 1439 929 1501 crediderit
952 1448 1005 1499 aut
1027 1436 1078 1502 du·

151 1522 311 1602 bituverit‚
345 1541 407 1586 non
425 1542 539 1588 ‚errore
566 1521 677 1601 clavis,
706 1520 760 1582 sed
790 1540 864 1582 suae
892 1518 1078 1583 infidelitatis

150 1605 326 1685 seducitur,
357 1615 388 1666 ει
417 1626 531 1689 magno
560 1604 673 1666 damno
707 1624 795 1665 suum
817 1605 950 1665 animum
973 1602 1077 1683 efficit,

150 1697 181 1749 et
202 1688 273 1749 Deo
298 1686 455 1769 verboque
477 1690 542 1751 eius
564 1688 703 1749 iniuriam
727 1696 819 1769 atque
841 1706 992 1761 summam
1009 1687 1079 1747 irre·

152 1773 322 1833 verentium
345 1770 427 1832 iacit.
468 1771 542 1833 Ideo
557 1770 652 1831 multo
669 1770 776 1830 melius
795 1776 851 1849 est,
866 1778 897 1830 ut
915 1788 977 1831 non
990 1768 1081 1831 adeat

151 1854 190 1915 ud
211 1854 451 1933 absolutionem,
472 1856 499 1917 si
520 1852 709 1916 concredat
731 1870 800 1915 sese
822 1850 959 1929 absolvi,
986 1867 1080 1931 quum

152 1938 178 1999 si
199 1940 268 2000 sine
290 1936 353 1999 fide
373 1936 511 2001 accedat.
552 1933 638 1997 Ficte
658 1936 739 1997 enim
758 1934 878 2007 accedit
894 1942 924 1995 ct
936 1928 1080 1998 iudicium

152 2020 211 2079 sibi
233 2020 358 2103 accipit,
380 2038 443 2082 non
465 2038 566 2099 secus,
590 2037 682 2099 quum
705 2018 730 2079 si
753 2018 940 2101 baptismum
962 2014 1010 2080 vel
1035 2036 1080 2097 aa·

153 2110 346 2166 crumentum
369 2102 458 2184 punis
479 2102 551 2168 flctc
572 2096 738 2184 acceperit.
773 2100 903 2164 Proinde
917 2116 978 2163 nou
1001 2096 1080 2164 adeo

155 2194 202 2247 εει
228 2189 409 2248 neccssaria
430 2186 589 2262 contritio,
617 2202 710 2264 quum
746 2183 832 2248 fides.
889 2185 1082 2266 incompara-

156 2269 253 2332 biliter
275 2270 358 2333 enim
379 2269 449 2350 plus
471 2267 513 2331 ibi
534 2267 745 2347 consequitur
765 2265 840 2339 fides
869 2263 1081 2344 absolutionis,

159 2371 250 2432 onum
275 2351 376 2413 fervor
397 2349 599 2414 contritionis.

237 2434 278 2497 Et
302 2433 364 2496 hac
384 2431 444 2496 fide
466 2434 581 2498 omissa
608 2450 674 2514 nos*
696 2431 817 2512 plurimi
848 2429 947 2492 solum
971 2431 1001 2492 in
1024 2427 1083 2492 ior·

158 2512 277 2581 mandis
300 2517 534 2578 contritionibus
556 2513 752 2597 laboramus,
781 2521 814 2575 ut
836 2513 1002 2576 doceamus
1029 2513 1082 2586 ho-

158 2602 253 2661 mines
277 2608 352 2662 tunc
374 2597 530 2678 confidere
551 2597 681 2677 remissa
702 2607 847 2679 peccata,
871 2595 993 2677 quando
1016 2615 1090 2660 seo·

157 2685 251 2744 serint
280 2701 351 2744 sese
379 2699 449 2744 esse
483 2681 619 2761 perfecte
652 2681 801 2756 contritos
838 2679 885 2760 (id
913 2687 976 2758 est,
1010 2698 1085 2742 nun·

157 2764 266 2846 quam¹
323 2763 479 2828 confidere
506 2763 561 2826 sed
590 2759 690 2844 magis
714 2762 753 2824 ad
776 2761 1021 2844 desperationem
1042 2759 1084 2822 ic

156 2847 266 2910 borure
310 2866 380 2908 cum
394 2849 563 2911 secundum
577 2841 806 2928 prophetam*)
818 2863 884 2906 non
897 2845 928 2906 in
947 2852 1085 2909 nostran

156 2931 388 3009 contritionem,
423 2923 478 2990 se‘d
507 2929 537 2988 in
569 2925 697 2990 verbum
729 2925 793 2988 eius
823 2929 862 2988 sit
888 2923 1084 3008 sperandum.

154 3013 265 3094 Neque
286 3015 369 3074 enirn
395 3010 488 3078 dixit:
519 3011 639 3075 Memor
670 3015 738 3072 estc
775 3009 965 3086 contritionis
997 3027 1085 3070 meae

155 3114 245 3158 servo
274 3103 347 3174 tuo,
377 3086 409 3156 in'
431 3112 493 3174 qna
514 3093 587 3173 inibi
609 3111 696 3175 spem
721 3089 843 3163 dedisti,
880 3091 933 3154 sed
968 3109 1086 3168 rnemor
1172 3161 1185 3186 ⁸

156 3188 221 3240 esto
245 3177 331 3238 verbi
354 3177 406 3252 tui,
428 3177 459 3238 in
482 3195 543 3257 quo
567 3175 641 3239 mihi
662 3193 749 3256 spem
769 3173 896 3254 dedisti3
916 3181 947 3239 st
960 3173 1085 3234 iterum:

155 3260 340 3325 lnlverbum
364 3267 449 3320 tuom
473 3263 552 3338 (non
575 3259 682 3343 utique
704 3257 735 3318 in
758 3276 836 3340 opus
858 3262 1014 3332 nocuum)
1038 3274 1086 3338 su·

158 3343 355 3425 persperavi3
378 3349 408 3406 et
429 3342 557 3405 iterum:
579 3339 729 3404 Sustinuit
750 3341 853 3404 anima
867 3339 977 3404 meain
991 3335 1086 3400 verbo

159 3427 221 3488 eius
244 3423 348 3506 οιαὶ)
373 3423 413 3486 Et
441 3432 474 3486 ut
494 3421 608 3488 Psulm.
636 3427 687 3497 51.
716 3425 748 3484 in
777 3423 899 3486 Ebraeo
929 3426 988 3482 est:
1016 3417 1084 3482 Tibi

214 3620 246 3683 1)
266 3619 298 3671 ln
317 3619 362 3673 cd.
381 3615 457 3672 deu:
476 3616 611 3672 nondum,
648 3611 683 3675 2)
704 3609 810 3666 Ibidem
829 3609 967 3680 pergitur:
996 3575 1089 3678 speru-

162 3693 201 3744 rit
219 3692 314 3744 anima
331 3703 396 3744 mcc
413 3690 449 3761 in
461 3687 593 3743 Domino.

211 3760 243 3828 ἰ
261 3761 367 3815 Potin.
385 3759 449 3817 trs.
486 3759 549 3817 180.

188 3861 623 3918 enumeraremus
639 3854 768 3909 p.v0t.11.
804 3851 815 3860 “
884 3855 923 3916 1ss
