2600 4300
193 392 199 399 .
245 340 310 413 lm
557 338 600 401 bs
617 347 719 417 inplet
736 348 843 401 iusum

247 520 371 596 nterii,
406 518 457 597 qui
480 517 686 601 exoperibus
707 518 784 597 logis
805 524 893 596 eunt,
925 516 982 577 sub
1005 513 1162 577 maledieto
1205 508 1206 511 ’

246 610 330 676 aaut,
351 600 486 681 ideoque
498 599 674 677 Christiani,
696 602 748 679 qui
769 602 901 661 aeternis
923 599 1014 661 bonis
1035 604 1105 658 sunt
1126 596 1163 675 di-

128 733 138 741 „
247 684 344 762 tendi,
367 700 430 745 non
451 691 524 743 sont
544 684 728 745 exhortandi
751 682 790 743 ad
807 682 900 761 illam,
922 681 977 743 sed
989 676 1165 741 debomsndi
1205 698 1206 701 ¹

171 774 183 801 ‘
247 768 352 911 Robur
374 766 414 827 ad
438 764 605 827 meliorem.
650 765 739 827 Unda
761 784 822 830 nou
845 762 1110 845 est·gaudendum
1138 763 1164 821 in

269 850 311 926 ὀ,
341 849 596 929 ιὶοιιῐνρτὶιιοίρεε
617 848 776 914 Senoniae
796 848 880 909 Deus
902 848 1017 927 gloria,
1048 845 1165 921 divitiis,

249 932 410 1012 voluptate
430 930 522 1008 ditat,
544 932 617 1010 quia
637 932 775 1011 religiosi
797 940 876 993 sant.
919 930 985 991 Etsi
1009 930 1090 989 bueo
1110 946 1166 987 non

247 1017 308 1075 sint
329 1016 420 1085 satis,
454 1025 598 1076 nasoetur
620 1014 721 1077 ndbuu
743 1033 820 1075 unus
849 1032 938 1075 mons
972 1011 1117 1092 argenti,
1140 1018 1168 1069 et

249 1118 312 1178 pax
333 1095 513 1160 servabitur.
540 1096 604 1177 Ipsi
627 1097 766 1173 viderint,
787 1116 827 1159 en
851 1096 929 1157 bene
950 1095 981 1155 id
1004 1096 1049 1155 eis
1074 1091 1168 1169 aedat,

248 1196 288 1241 ue
309 1181 371 1240 sint
392 1180 581 1241 mercenarii.
625 1179 702 1239 Sunt
718 1180 803 1239 enim
828 1180 906 1241 baeu
927 1178 1070 1259 praemia
1094 1175 1169 1249 vill!-
1205 1188 1206 1217 l

248 1264 345 1323 simae
367 1262 456 1321 buius
478 1270 509 1321 at
530 1262 882 1339 maledictae-iustitiae,
911 1259 1111 1341 pertiuens¹l
1133 1257 1168 1319 ad

248 1344 492 1409 benedietiouom
520 1345 605 1405 blssu
635 1355 666 1405 et
698 1343 828 1417 llliounn
865 1344 985 1418 eius*).
1035 1342 1077 1403 lli
1105 1352 1169 1401 aunt

247 1430 413 1488 lactatores
440 1427 527 1487 liberi
557 1426 671 1487 arbitrii
699 1427 956 1489 Themenitarum.
1007 1424 1061 1487 sio
1090 1424 1169 1485 Deus

249 1517 391 1595 munerat
410 1512 505 1571 etiam
528 1509 620 1588 mala,
643 1511 717 1589 quia
737 1510 816 1573 sieut
837 1511 868 1571 in
891 1510 988 1571 oeulis
1011 1508 1167 1569 bominum

249 1592 332 1654 bona
352 1601 434 1668 sunt,
455 1593 499 1653 ita
521 1599 553 1651 et
572 1594 603 1651 in
625 1592 723 1653 oeulis
746 1592 903 1653 bominum
915 1592 1069 1672 reeipiunt
1082 1590 1168 1653 bona.

329 1675 467 1735 Alterum
490 1672 537 1735 est
559 1682 719 1755 peooatum
742 1675 917 1754 essentiale,
939 1674 1061 1752 natale,
1084 1673 1170 1753 origi·

236 1757 338 1836 urle,
359 1756 510 1835 alienum,
537 1757 660 1837 dequo
689 1758 767 1819 Psal.
791 1758 888 1830 51²):
933 1758 1016 1817 ane
1037 1756 1168 1818 enimin
1193 1760 1198 1764 ’

248 1840 459 1919 iniquitatibus
481 1850 650 1920 oonoeptus
672 1860 750 1909 sum.
773 1850 803 1900 et
824 1842 855 1901 in
878 1842 1016 1921 montis
1030 1839 1170 1917 oonoepit

241 1942 298 1985 ma
318 1930 417 1984 muter
438 1942 517 1983 mea.
559 1923 607 1983 De
626 1941 689 2003 quo
713 1922 935 1998 Christus⁸*):
974 1922 1045 1983 Non
1070 1928 1169 2002 potest

248 2006 341 2067 erbor-
361 2005 443 2065 mala
465 2007 581 2067 lruotus
602 2006 702 2067 bonos
726 2007 837 2083 lasere,
859 2014 890 2067 et
910 2006 1020 2067 Roma.
1043 2008 1082 2068 b:
1117 2004 1171 2063 Per

250 2090 337 2150 unius
359 2088 598 2154 inobedientiam
620 2096 802 2170 peneatores
817 2090 972 2150 constituti
990 2099 1064 2150 sunt
1077 2085 1170 2164 inulti,

248 2179 281 2233 el
300 2192 356 2252 per
377 2173 465 2232 unius
487 2172 631 2233 (lelimum
662 2175 691 2234 in
722 2189 830 2234 omnes
865 2172 1005 2234 homines
1035 2171 1067 2232 in
1103 2188 1170 2232 ouu-

251 2256 488 2316 demnationem.
965 2261 970 2268 '
1141 2321 1144 2326 Ι

333 2337 373 2398 m
394 2338 455 2398 boo
475 2343 522 2397 est
537 2344 716 2417 bouoalum,
738 2337 820 2417 quod
843 2337 916 2398 feeit
938 2337 1071 2418 priorem
1091 2335 1171 2395 iusti-

250 2424 323 2481 tiam
355 2439 426 2480 esse
458 2420 533 2480 nibil
563 2429 593 2480 et
628 2421 756 2498 malam,
792 2428 823 2482 et
850 2419 1065 2497 maledictam,
1097 2419 1172 2478 sieut

211 2502 214 2507 ⁴
248 2504 388 2566 cbristus
403 2501 549 2581 ail⁸**):
572 2503 636 2564 Ans
649 2505 741 2564 laoite
757 2503 898 2564 arborem
918 2502 1032 2564 bouem
1054 2499 1170 2562 etlruo·

251 2594 300 2648 lus
321 2585 433 2663 bonos,
455 2596 508 2646 aut
529 2584 671 2648 arborem
690 2585 802 2648 malam
816 2595 847 2646 et
858 2585 973 2648 fruetus
987 2586 1054 2644 eius
1067 2583 1171 2644 malos.

332 2667 492 2747 Secundo,
525 2668 557 2728 id
580 2669 746 2748 ‘peoualum
780 2676 826 2732 est
856 2667 1026 2730 inaurabile
1061 2667 1169 2728 viribus

186 2788 191 2794 «
249 2751 398 2826 bominis,
431 2769 488 2812 neo
516 2751 631 2830 aliquid
661 2751 710 2812 lrio
742 2752 824 2814 valet
853 2751 980 2814 liberum
1005 2749 1169 2826 arbitrium,

249 2837 292 2895 ita
320 2839 354 2895 ut
380 2841 413 2894 et
437 2834 536 2894 saneti
563 2833 680 2896 dieunt:
723 2834 814 2910 Quod
843 2835 916 2896 uolo
946 2833 1081 2907 mulum,
1113 2833 1168 2894 boo

248 2916 385 2994 laol0⁸),
419 2923 451 2978 et
482 2915 584 2979 Galim
613 2921 653 2982 5:
697 2917 765 2978 Non
800 2935 879 2998 quae
916 2917 1025 2994 vultis,
1060 2915 1165 2976 lanitia

136 3041 138 3045 .
249 2999 328 3062 esst
350 2998 444 3080 38⁴):
489 2998 644 3075 Quoniam
667 3000 760 3062 lumbi
783 3001 842 3062 mei
864 3001 981 3082 impleti
1015 3006 1089 3060 sunt
1110 2998 1169 3058 illu·

249 3081 389 3144 sionibus
413 3090 472 3143 ete.

331 3165 452 3240 Tertio,
480 3163 596 3241 idest,
629 3163 717 3244 quod
745 3181 854 3228 omnes
882 3166 1030 3226 sentimus
1051 3158 1088 3224 in'
1106 3183 1169 3224 eon·

250 3246 456 3327 eupiaoendo,
476 3247 639 3308 iraseendo
655 3292 663 3323 ,
681 3250 860 3328 praesertim
883 3247 1011 3310 obieotis
1034 3262 1169 3328 praesen

249 3330 339 3407 tibus,
362 3336 396 3390 ut
418 3329 491 3390 diali
514 3329 666 3390 Dominus
690 3329 728 3390 ds
752 3331 843 3392 anulo
866 3349 999 3410 nequam
1016 3339 1078 3392 ele.
1105 3329 1168 3392 ldeo

248 3408 312 3472 dixi
336 3412 511 3491 essentiale,
532 3413 606 3490 quia
627 3433 682 3492 per
704 3413 894 3486 nativitatem
912 3412 1122 3474 oontrahimus
1143 3419 1168 3470 ei

249 3501 354 3554 menet
372 3512 513 3573 seraper,
541 3512 600 3554 nea
621 3494 789 3573 aliquando
811 3496 920 3558 transit
942 3496 1022 3556 siout
1044 3495 1169 3570 animle,

322 3685 352 3750 l)
371 3687 403 3738 In
420 3689 462 3739 ed.
481 3688 557 3740 len·
580 3691 754 3757 pertinentia.
827 3691 858 3750 2r
885 3691 917 3742 ln
936 3689 979 3743 ed.
999 3692 1105 3760 prinu:
1128 3691 1169 3745 50·

249 3752 281 3816 3)
303 3753 332 3804 ln
344 3755 455 3811 ealon.
477 3758 667 3814 additament:
687 3761 783 3814 Roma.
794 3765 820 3819 7.
850 3761 883 3828 4)
903 3760 934 3814 ln
946 3760 989 3814 ed.
1003 3763 1108 3830 prinu:
1127 3761 1159 3819 37

322 3823 353 3888 ⁹)
373 3823 521 3885 (lunelli.
560 3831 771 3898 ’ἺΗαιΗιἏ
811 3830 993 3898 *⁸'Jllntllt
1016 3831 1058 3888 12.
1104 3891 1107 3898 Δ
