2600 4300
394 335 429 394 ιὰ
448 332 520 396 nial.
538 331 568 396 P.
591 338 659 397 siti.
677 335 824 395 iussistis.
1026 330 1066 404 31

148 525 236 567 mana
254 509 398 590 ecelesia,
421 508 633 591 Regulalldei,
656 509 827 589 probatum:
860 508 962 588 Miror,
985 505 1068 590 quod

146 593 223 649 iuter
257 599 305 652 tot
336 594 488 653 eeclesiae
518 593 662 653 doctores
689 611 751 652 non
779 591 945 670 aliquando
975 593 1068 652 alium

148 689 269 752 quoque
296 678 351 734 aut
379 683 496 736 textum
532 675 706 756 Scripturas
735 673 878 753 inducas,
911 673 984 735 ideo
1014 695 1069 756 per

146 755 376 818 laudamentum
399 759 565 820 seeundum
587 763 696 818 iterum
713 763 776 817 tam
798 766 843 836 te,
875 775 963 838 quam
988 755 1068 819 Tho-

147 857 225 899 mam
253 841 379 919 reiieio,
407 843 478 920 quia
506 848 537 902 et
567 841 756 922 Augustinus
787 847 928 922 receptus
956 848 1003 901 est
1029 841 1067 903 ub

148 921 277 999 eeclesia
300 926 399 1004 magis
423 944 513 1004 quam
532 924 562 984 S.
579 923 725 1004 Thomas,
748 925 859 983 Paulus
882 931 982 983 autem
1006 943 1067 984 ma·

147 1005 236 1080 xime,
258 1008 311 1086 qui
333 1007 566 1067 fundamentum
590 1025 691 1067 meum
713 1010 843 1087 primum
866 1015 921 1068 est.

228 1088 374 1150 Secundo
397 1092 500 1168 miror,
525 1090 597 1169 quid
617 1091 705 1168 velis,
729 1090 810 1170 quod
835 1085 1068 1152 ecelesiam'll’o-

147 1190 266 1230 mauam
300 1172 372 1232 fidei
400 1175 537 1253 regulam
562 1191 666 1236 voeas.
709 1171 777 1254 Ego
800 1171 915 1232 uredidi
937 1186 1067 1256 semper,

147 1254 226 1332 quod
249 1253 329 1315 fides
352 1264 435 1316 esset
456 1257 564 1338 regula
585 1257 745 1316 Romanae
768 1257 927 1336 eeclesiae,
952 1265 983 1316 et
1005 1259 1068 1317 oln-

147 1339 227 1396 nium
256 1339 476 1418 ecelesiarum,
514 1348 548 1400 ut
576 1339 747 1419 Apostolus
776 1337 843 1399 Gal.
875 1343 906 1403 ss:
943 1337 983 1399 Flt
1005 1341 1067 1420 qui-

148 1437 265 1500 uunque
287 1421 368 1481 hano
391 1423 527 1503 regulam
551 1423 647 1481 seeuti
671 1423 790 1499 luerint,
815 1441 876 1501 pax
900 1439 991 1502 super
1013 1438 1068 1484 eos

150 1512 205 1562 eto.
249 1505 341 1585 Rogo
363 1525 401 1566 eo
418 1523 515 1584 usque
539 1504 673 1584 digneris
702 1505 818 1564 adulari
839 1506 999 1566 Romanae
1022 1523 1068 1565 eo-

147 1585 267 1666 elesiae,
291 1597 324 1646 ut
346 1604 413 1647 eam
438 1589 594 1668 permittas
607 1588 787 1666 discipulam
803 1605 871 1647 esse
885 1587 966 1666 fidei,
989 1607 1068 1666 quae
1150 1623 1159 1636 =

146 1670 303 1749 reguletur
323 1669 394 1746 ilde,
416 1691 480 1731 non
501 1672 621 1752 regulet
640 1669 741 1730 fldem.

226 1752 289 1813 Sed
310 1753 390 1814 forte
410 1754 489 1814 haee
510 1755 595 1813 veihi
618 1761 665 1813 est
687 1753 907 1830 controversia,
930 1753 1002 1832 quia
1023 1771 1068 1814 re-

147 1835 248 1914 gulam
271 1835 344 1896 fidei
365 1838 531 1916 improprie
564 1837 684 1896 loeutus
706 1855 810 1911 vocas,
833 1834 915 1916 quod
937 1835 977 1895 ad
1000 1853 1068 1896 eam

148 1918 254 1997 tidem,
279 1938 371 1998 quam
399 1919 540 1979 Romana
567 1919 700 1979 eeclesia
727 1917 899 1998 profitetur,
932 1919 1068 1978 omnium

146 2001 219 2061 fides
243 2001 339 2063 debet
360 2003 553 2065 conformari.
596 2001 637 2061 Et
659 2001 762 2082 plsoet
784 2001 921 2080 mirilico,
943 2011 1013 2062 nam
1037 2009 1068 2065 et

146 2103 201 2165 ego
223 2085 339 2166 gratias
360 2103 420 2167 ago
444 2083 575 2164 Christo,
599 2086 681 2165 quod
704 2084 784 2144 haue
798 2085 1067 2149 uuameoolesiam

146 2170 284 2229 interris
313 2171 356 2227 ita
383 2176 485 2229 serrat
505 2170 637 2249 ingenti,
668 2174 699 2229 et
726 2168 808 2249 quod
837 2170 1069 2249 solum-possit

147 2252 275 2331 probare
305 2251 396 2311 fidem
429 2258 566 2313 nostram
594 2270 663 2311 esse
684 2270 806 2330 veram,
841 2250 1005 2329 miraculo,
1036 2258 1069 2315 ut

148 2354 301 2414 nunquam
328 2354 347 2395 a
378 2354 450 2394 vera
478 2332 540 2395 flde
564 2336 627 2394 ullo
658 2354 713 2395 suo
743 2335 867 2395 decreto
896 2338 1067 2419 recesserit,

148 2436 202 2477 neo
223 2426 271 2477 tot
293 2416 442 2477 barathris
465 2420 669 2496 pessimorum
698 2436 816 2477 morum
839 2416 980 2476 diabolus
1004 2423 1069 2481 tau·

149 2508 206 2559 tum
230 2500 356 2560 efficere
376 2502 486 2581 potuit,
509 2508 543 2560 ut
563 2519 660 2581 penes
682 2500 763 2560 hane
785 2517 847 2561 uon
870 2507 1008 2559 maneret
1030 2502 1068 2565 ab

149 2584 263 2663 origine
285 2603 342 2642 sua
362 2584 581 2644 canonicorum
603 2582 888 2645 ffibliaelib1·orum
912 2588 942 2643 et
972 2586 1068 2647 eoole·

150 2667 338 2726 siastieorum
352 2674 472 2747 patrum
486 2673 516 2727 et
526 2668 725 2746 interpretum
740 2668 897 2743 autoritas,
914 2674 945 2726 et
957 2670 1068 2729 autori⁵

151 2752 216 2808 tutis
240 2751 362 2809 sinuera
381 2750 545 2831 professio,
570 2750 643 2810 lioet
664 2748 751 2811 multi
774 2751 854 2813 forte
876 2756 947 2811 sunt
968 2750 1069 2831 uirilis,

151 2832 198 2909 qui
226 2831 369 2911 privatim
408 2833 454 2892 hls
490 2832 576 2893 libris
609 2851 735 2913 prorsus
778 2832 894 2892 nullam
928 2832 1066 2896 habeant

150 2912 247 2993 iidem,
270 2934 330 2974 neo
352 2934 407 2975 eos
429 2922 536 2975 curent
557 2923 611 2975 aut
633 2916 737 2996 legere
759 2922 811 2975 aut
832 2914 1015 2996 intelligere.

227 2998 350 3079 Tertio,
384 2999 468 3058 illam
491 3000 742 3079 consequentiam
767 3006 798 3059 tu
826 3000 912 3079 ipse,
942 3018 1068 3081 quaeso,

152 3080 314 3160 perpende.
357 3081 489 3141 Animae
510 3088 660 3161 expetunt
680 3080 839 3162 suffragia,
872 3100 947 3163 ergo
971 3086 1071 3145 solunt

154 3182 183 3222 se
210 3182 284 3224 esse·
315 3165 489 3226 salvandas.
543 3166 680 3225 Fuistine
707 3167 827 3245 tuipse
849 3164 1014 3245 aliquando
1038 3168 1070 3230 lu

153 3247 282 3324 periculo
305 3243 357 3307 vel
378 3250 483 3308 mortis
505 3248 555 3307 vel
576 3248 701 3309 alterius
723 3248 930 3328 necessitatis,
951 3252 982 3309 in
1007 3266 1067 3329 quo

154 3330 321 3407 nesciebas,
338 3350 376 3390 an
393 3330 449 3391 tibi
467 3333 550 3391 esset
562 3332 751 3410 pereundum
763 3330 811 3392 vel
830 3332 1069 3413 emergeudum?

155 3410 183 3471 Si
202 3412 300 3491 luisti,
334 3412 497 3474 recordare
519 3433 652 3495 quaeso,
677 3431 765 3495 quam
789 3416 881 3476 anxie
903 3418 1068 3495 quaesieris

157 3496 295 3554 auxilium
316 3503 348 3556 et
367 3496 528 3557 eonsilium
546 3516 583 3558 eo
601 3500 744 3581 maxime,
768 3518 828 3579 quo
842 3500 966 3579 ignarus
987 3500 1070 3561 fuisti

157 3578 254 3637 auxilii
278 3585 310 3638 et
331 3580 467 3659 consilli,
501 3588 532 3641 et
560 3585 611 3658 (ut
639 3581 692 3643 ille
718 3582 777 3664 ait)
808 3580 877 3642 Una
903 3582 986 3644 salus
1014 3582 1069 3646 tibi

158 3660 205 3720 uit
224 3662 341 3722 nullam
363 3683 487 3744 sperare
507 3665 654 3744 salutem,
676 3666 784 3726 sinon
807 3666 905 3746 fuisti,
928 3668 1068 3747 obsecra,

158 3744 227 3803 velis
248 3744 375 3806 eredere
396 3746 461 3824 bis,
489 3748 540 3826 qui
561 3748 692 3809 luerunt.
734 3748 794 3809 Ubi
816 3756 864 3810 est
885 3770 958 3831 ergo
981 3770 1068 3830 argu·

161 3834 287 3888 mentum
308 3834 407 3911 mum,
430 3830 541 3892 Petunt
562 3830 716 3913 suffragia,
738 3848 813 3913 ergo
835 3832 934 3895 solunt
954 3846 989 3894 so
1010 3832 1068 3895 sal-
