2600 4300
401 335 436 391 dc
454 338 555 391 virtute
571 330 817 406 indulgentiarum.
995 334 1059 399 tlt

137 504 183 587 sit,
206 501 338 585 flogella
348 506 407 567 Dei
428 524 493 566 non
515 512 670 586 potestate
693 506 834 584 clavium,
857 506 911 567 sed
925 506 1057 568 lacrimis

137 594 167 645 et
187 591 336 649 oratione
356 589 573 650 tantummodo
594 610 688 670 posse
709 589 792 669 tolli,
828 597 859 651 et
886 591 983 670 magis
1004 608 1061 672 per

136 670 371 765 impositionem
394 673 524 732 aliarum
544 691 729 753 poenarum,
757 692 851 770 quam
881 692 936 753 per
956 674 1060 734 remis-

136 754 269 815 sionem.
314 754 402 815 Siout
421 755 575 816 Ninivitcc
594 775 652 836 per
672 757 877 836 poenitentias
906 774 976 815 suas
1006 756 1060 817 hu

136 836 250 897 militer
270 856 343 897 sese
365 838 539 935 aflligentes
562 846 736 899 meruerunt
753 846 891 900 avertere
903 837 1058 920 flagellum

136 919 354 981 subversionis
383 923 429 983 eis
458 922 651 984 intentatum.
698 922 824 1003 Alioqui
857 923 883 983 si
915 921 1059 983 sacerdos

137 1002 292 1063 ecclesiae
316 1005 383 1065 sive
405 1024 540 1065 summus
562 1007 628 1065 sive
642 1004 764 1065 iniimus
781 1005 974 1085 potcsthanc
985 1014 1058 1085 po'e·

135 1102 207 1144 nam
230 1093 392 1167 potestate
413 1088 543 1148 clavium
566 1088 704 1166 solvere,
732 1089 829 1169 pellat
850 1106 924 1168 crgo
945 1094 1059 1168 pestes,

134 1167 233 1246 bella,
263 1169 452 1247 seditiones
481 1178 581 1231 terrae
602 1178 721 1248 motus,
747 1171 906 1248 incendia,
936 1171 1058 1251 caedes,

136 1251 311 1331 latrocinio,
334 1255 409 1314 item
427 1254 542 1315 Tureas
564 1261 596 1315 ct
616 1254 772 1351 Tartarus,
793 1254 933 1333 aliosque
953 1253 1059 1315 inlide-

134 1334 195 1412 les,
230 1352 313 1413 quos
346 1355 416 1397 esse
454 1336 578 1418 flogella
603 1344 636 1397 et
663 1340 779 1417 virgam
803 1337 859 1397 Dei
886 1355 978 1397 nemo
1000 1338 1057 1396 nisi

135 1435 246 1496 parum
277 1418 469 1480 Christianus
495 1422 628 1501 ignorat
676 1422 757 1480 Dicit
788 1422 869 1481 enim
900 1420 972 1481 lisa.
1002 1423 1058 1485 10·

136 1500 204 1560 Vae
226 1500 346 1598 Assur,
378 1505 465 1583 virga
488 1504 598 1564 furoris
623 1505 684 1563 mci
716 1510 747 1563 et
767 1502 922 1564 baculus
913 1522 981 1583 ipse
1002 1508 1059 1564 cst.
1114 1568 1119 1578 x

135 1580 170 1643 In
193 1604 292 1643 manu
315 1587 381 1646 eius
403 1586 572 1666 indignatio
595 1604 673 1646 mee.
716 1586 802 1649 Licet
829 1587 950 1667 plurimi
974 1604 1059 1647 nune

136 1674 166 1725 ct
201 1667 299 1727 iidem
335 1671 438 1749 magni
466 1670 498 1728 in
526 1669 660 1729 ecclesis
686 1668 761 1729 nihil
788 1669 870 1731 alind
906 1669 1061 1730 somnient

138 1768 231 1845 quem
259 1750 345 1811 bella
370 1752 516 1813 adversus
536 1752 684 1835 Turbam,
715 1752 831 1813 scilicet
862 1770 924 1812 non
953 1759 1060 1812 ronna

136 1833 336 1974 iniquitates,
368 1834 423 1895 sed
454 1842 563 1895 contra
581 1836 697 1916 virgam
721 1836 887 1915 iniquitatis
907 1834 1059 1931 bellaturi,

139 1915 272 1996 Dcoqne
300 1918 514 2014 repugnaturi,
534 1919 593 1997 qni
616 1938 672 1997 per
698 1936 765 1978 ecm
788 1921 903 1999 virgam
925 1936 995 1979 sese
1016 1918 1059 1977 ιι-

139 1999 235 2059 siturc
264 1998 340 2059 dicit
359 2002 552 2080 iniquitates
561 2008 699 2079 nostras,
733 2018 771 2062 co
800 2001 883 2081 quod
910 2020 967 2062 nos
995 2016 1057 2061 non

123 2082 301 2143 *visitemus
323 2101 385 2143 ees.

221 2165 338 2240 Quinta
358 2173 407 2227 est
426 2168 577 2227 cononice
596 2185 710 2264 poeno,
732 2168 850 2229 scilieet
871 2167 910 2229 eb
927 2167 1058 2227 ecclesia

140 2251 313 2309 constituta
342 2249 511 2310 Henecsse
531 2251 700 2330 plenaric'
692 2269 758 2310 rure
778 2252 809 2310 in
833 2269 924 2310 manu
946 2250 1056 2310 summi

139 2329 311 2410 Pontificis,
348 2351 412 2392 non
434 2340 483 2392 est
502 2333 643 2413 dubium,
681 2335 726 2393 sie
754 2340 872 2412 tamen,
892 2340 940 2393 ut
961 2332 1059 2392 subsit

144 2417 193 2488 (ut
213 2415 317 2489 aiunt)
341 2416 423 2476 iusta
443 2433 537 2476 causa
555 2417 747 2478 remissionis
770 2435 886 2494 comm,
909 2423 941 2476 et
961 2415 1056 2476 clavis

141 2515 202 2556 non
224 2509 316 2558 erret.
358 2495 474 2558 Verum
496 2518 556 2579 ego
581 2504 670 2575 (mec
693 2501 883 2577 temeritate)
908 2498 1022 2558 illsm'
1014 2517 1057 2557 rn-

141 2587 216 2639 stsm
243 2599 371 2640 causam
399 2600 461 2641 non
495 2584 539 2641 ita
569 2581 668 2662 rigide
696 2584 883 2662 acciperem,
911 2589 945 2642 ut
971 2581 1056 2642 multi

125 2663 248 2724 'solent
293 2662 440 2724 sufficere
461 2666 542 2724 enirn
557 2666 684 2725 ‘videtur
712 2667 764 2744 pie
784 2665 928 2726 voluntas
956 2665 1055 2744 ponti-

142 2744 218 2825 licis,
247 2753 343 2826 atquc
364 2747 443 2807 haee
475 2749 548 2808 satis
571 2749 652 2808 iusto
672 2749 712 2807 sit
732 2749 834 2808 causa.
878 2747 943 2808 Nec
964 2747 1056 2808 video

143 2829 296 2927 quomodo
316 2831 347 2889 in
371 2829 430 2890 huc
450 2831 631 2893 remissione
654 2849 738 2892 error
760 2830 854 2892 clavis
887 2831 1073 2912 contingat,

143 2920 190 2972 aut
224 2914 252 2973 si
286 2913 453 3008 contingit,
488 2912 562 3010 quid
592 2921 718 2990 nocent,
757 2931 826 2974 cnm
850 2913 1057 2974 nibilominus

144 2995 226 3056 salvs
245 2997 288 3055 sit
308 2997 428 3075 anima,
461 2997 581 3057 etiamsi
612 3015 734 3077 poenae
762 2997 913 3058 eiusmodi
935 3015 990 3076 per
1011 3013 1055 3056 er-

143 3097 237 3140 rorem
259 3097 324 3139 non
345 3080 582 3141 remitterentur.

219 3161 298 3222 lllud
321 3163 420 3242 magis
440 3161 673 3243 advertendum,
696 3161 779 3241 quod
802 3181 937 3223 summus
957 3103 1056 3243 ponti·

145 3245 251 3304 lexin
289 3245 472 3306 remissione
499 3245 639 3326 plenaria
667 3263 725 3306 nco
740 3247 862 3306 'omncs
892 3245 1056 3307 cononicus

145 3347 256 3407 poenas
277 3329 419 3407 remittit,
449 3329 531 3409 quod
553 3336 655 3409 patet,
690 3330 762 3408 quia
784 3347 847 3390 non
868 3330 994 3388 remittit
1015 3328 1067 3386 in·⁸

147 3413 330 3490 gressionem
351 3431 406 3472 seu
427 3413 626 3473 intrusionem
643 3413 836 3491 quorundam
858 3413 890 3472 in
905 3416 1057 3472 monaste·
1160 3461 1164 3488 ,

146 3496 230 3571 num,
261 3514 341 3574 quse
362 3501 466 3556 tamen
488 3515 591 3576 poene
612 3515 675 3556 non
698 3495 860 3556 incelebris
882 3495 958 3554 est
951 3511 981 3554 m
1007 3511 1055 3552 oa·

149 3577 281 3675 nonibus,
304 3576 360 3638 sed
381 3597 440 3640 neo
461 3579 566 3640 civiles
589 3597 643 3638 scu
665 3581 767 3658 potius
790 3577 962 3638 criminales
984 3593 1057 3656 poe-

149 3680 196 3722 nas
223 3682 243 3722 a
267 3663 334 3722 iure
363 3661 445 3723 civili
471 3657 618 3740 inflictas,
651 3661 724 3722 lieet
755 3660 787 3721 id
815 3659 910 3741 legati
942 3659 1058 3722 iaciunt

149 3744 265 3823 ulicnbi,
295 3744 346 3806 ubi
374 3745 577 3827 personaliter
605 3752 676 3806 sont
697 3751 890 3838 praesentes
928 3742 1057 3804 Videtur

150 3845 213 3908 ergo
235 3827 335 3889 solum
357 3846 410 3888 ecs
433 3829 605 3906 remittere,
626 3845 706 3905 quae
728 3825 797 3885 dc
788 3826 928 3904 ieiuniis,
946 3825 1057 3886 oratio·

173 3939 630 4031 Mertoppv.aadret..blatt.p
644 3935 737 3980 votll.
811 3937 850 4002 10

1107 298 1110 305 ²
1134 331 1141 369 ι
