2600 4300
233 307 277 378 ιο
484 305 920 380 numerumnunerum

235 481 304 624 pipo
323 486 356 625 ἳι
375 479 486 560 rideas,
506 499 605 560 nsque
624 497 687 559 quo
707 475 806 556 voles,
828 477 886 538 einr
902 494 968 558 ogo
983 475 1098 538 stultis
1120 480 1155 536 et

234 584 260 627 m
282 583 330 625 rou
344 583 388 626 us.
859 610 861 613 .

317 645 475 724 Secundo,
497 665 557 725 ego
579 645 789 726 quaestionem
812 642 960 703 duntaxat
979 643 1086 724 posui,
1107 648 1153 715 tu,

160 761 166 766 -
234 729 314 791 siout
341 730 480 810 egregius
508 729 684 824 Thonp'sta,
719 733 793 808 (pro
823 745 909 786 more
935 729 1057 803 vestro]
1093 742 1155 784 nec

236 819 342 873 nutum
364 813 472 872 vestris
500 811 695 892 opinionibus
725 811 909 872 eontrarium
940 809 1020 870 ferre
1049 815 1154 888 potes,

234 895 309 954 nibil
330 900 432 954 tamen
454 914 578 974 prorsus
600 894 723 974 probos.
827 925 829 932 >

318 976 432 1054 Tertio,
454 977 514 1037 ista
535 976 690 1038 distinctio
712 977 747 1038 R
760 976 898 1038 'sbomae
917 975 967 1036 'est
985 974 1156 1036 falsissima

234 1078 304 1127 mco
327 1059 458 1136 iudicio,
486 1060 620 1136 scilicet,
648 1060 732 1138 quod
752 1057 855 1137 aliqua
874 1076 977 1138 poena
998 1063 1061 1134 est,
1095 1075 1156 1136 per

236 1161 327 1221 quam
349 1141 463 1203 bonum
484 1143 676 1221 acquirimus,
698 1149 732 1203 ιιι
758 1161 837 1222 quae
870 1147 918 1202 est
944 1141 975 1200 iu
997 1140 1056 1200 bac
1077 1139 1155 1217 vita,

235 1225 296 1284 alia
318 1233 429 1298 autem,
451 1244 507 1304 per
523 1244 613 1303 quam
631 1225 747 1284 nullum
764 1225 877 1285 bonum
891 1222 981 1284 nobis
992 1223 1155 1298 accrescit,

234 1308 314 1368 sicut
332 1313 380 1367 est
399 1325 482 1367 mors
509 1307 655 1368 naturalis
690 1315 721 1368 et
741 1326 844 1388 poena
864 1306 1047 1386 purgatorii,
1079 1305 1157 1384 quie

232 1390 306 1451 lioet
331 1390 398 1450 sine
424 1409 463 1450 ee
492 1394 544 1464 (nt
572 1391 635 1464 ais)
665 1409 728 1452 non
756 1391 933 1470 pervenitur
963 1387 1004 1448 ed
1023 1388 1154 1466 bonum,

232 1478 337 1534 tamen
358 1472 471 1534 bonum
493 1492 556 1543 non
577 1492 633 1552 per
655 1492 722 1534 earn
745 1473 902 1534 accrescit.

314 1555 517 1635 Respondeo:
560 1556 606 1616 lta
631 1555 766 1634 loqueris
796 1556 862 1616 siue
888 1553 1018 1632 iudicio,
1051 1571 1092 1613 ao
1127 1552 1155 1610 si

233 1657 363 1700 necesse
395 1640 434 1698 sit
459 1637 586 1700 verbum
615 1639 648 1698 B.
670 1639 808 1700 Thomas
845 1637 1002 1700 ornoulum
1034 1635 1155 1696 baberi.

236 1721 300 1782 Gur
319 1740 396 1802 ergo
417 1720 586 1800 Apostolus
609 1729 705 1798 errat,
727 1719 848 1800 quando
871 1719 1006 1792 dieit*):
1038 1718 1156 1778 Omnia

238 1810 445 1884 cooperantur
464 1805 497 1863 in
518 1803 631 1864 bonum
654 1804 788 1864 sanctis?
831 1803 891 1865 sed
912 1804 1000 1879 forts,
1021 1808 1054 1862 ut
1076 1801 1155 1862 estis

233 1888 370 1966 prompti
390 1885 429 1945 ad
452 1885 664 1946 distinctiones
689 1885 813 1968 (idest,
836 1887 1004 1966 scripturae
1017 1883 1155 1963 discerp

233 1970 369 2045 tiones),
400 1968 501 2045 dices,
534 1969 617 2048 qnod
647 1971 752 2030 omnia
778 1974 998 2049 cooperentur,
1033 1965 1156 2026 scilicet

233 2051 324 2111 buius
345 2051 436 2128 vitae,
461 2052 506 2111 sic
527 2053 607 2111 euim
623 2052 730 2112 soletis
746 2051 836 2112 elabi.
866 2050 1082 2112 ContraRom.
1095 2049 1153 2110 14:

234 2132 292 2209 Qui
325 2134 466 2213 moritur,
498 2134 631 2195 Domino
665 2136 806 2212 moritur,
840 2140 871 2195 et
900 2133 1001 2195 Psalm
1030 2131 1153 2209 116¹):

232 2216 374 2277 Pretiosa
393 2218 426 2277 in
447 2223 616 2297 conspectu
625 2218 750 2279 Domini
771 2237 854 2279 mors
876 2223 1052 2279 sanctorum
1073 2216 1153 2275 eius.

234 2299 334 2360 Doleo
357 2317 416 2379 ego
439 2306 576 2359 sanctum
598 2301 696 2361 vimm
718 2320 756 2362 eo
778 2300 970 2381 prolapsum,
993 2305 1026 2359 ut
1045 2303 1153 2377 neget,

234 2400 290 2461 per
311 2391 440 2442 mortem
453 2381 578 2443 bonum
598 2402 784 2461 accrescere,
806 2402 873 2443 eum
887 2383 985 2443 sancti
999 2387 1153 2460 martyres

234 2465 380 2543 martyrio
404 2470 435 2524 et
456 2471 555 2525 morte
576 2485 726 2525 summum
748 2467 916 2545 praemium
937 2472 969 2525 et
990 2464 1153 2525 aureolam

236 2545 430 2607 obtinuerint.
472 2547 566 2627 Igitur
586 2549 652 2609 sive
672 2548 750 2609 boec
771 2548 852 2609 dicat
871 2548 1053 2629 augebam,
1084 2546 1153 2605 sive

234 2629 386 2689 humanus
414 2629 539 2708 doctor,
571 2631 804 2691 insulsissimum
832 2650 965 2693 errorem
991 2629 1051 2690 dici
1080 2648 1153 2689 oum

234 2710 348 2776 fidncia
368 2711 538 2791 proclamo.

318 2792 450 2868 Quarto,
483 2793 593 2855 eodem
613 2814 723 2873 sensu,
752 2794 950 2875 probabiliter
971 2794 1044 2855 nihil
1067 2812 1153 2855 asse-

236 2875 342 2954 rendo,
366 2876 429 2937 dixi
449 2878 567 2937 animas
590 2896 713 2957 quoquc
733 2878 905 2939 voluntaria
917 2878 1062 2958 passione
1075 2895 1152 2956 poo-

237 2977 346 3019 narum
365 2960 532 3039 purgatorii
553 2958 659 3040 perfici
692 2962 723 3021 in
749 2961 889 3040 caritate,
920 2961 991 3040 quia
1021 2976 1153 3022 necesse

238 3047 296 3119 est,
316 3044 350 3101 ut
370 3052 474 3103 ament
490 3049 522 3103 et
538 3044 653 3124 eligant
667 3062 795 3123 poenas,
816 3062 890 3123 quas
905 3044 1039 3103 sentiunt
1048 3042 1151 3104 Deum

236 3121 451 3205 eisinfligere.
489 3126 578 3187 ¹Haec
604 3126 686 3187 enim
716 3126 858 3187 voluntas
879 3126 936 3187 Dei
964 3132 1025 3203 est,
1050 3136 1152 3203 ouem

236 3208 454 3286 superomnia
475 3208 612 3290 diligunt,
633 3215 687 3271 aut
706 3214 790 3269 certe
811 3208 937 3289 diligere
957 3207 1108 3269 laborent

315 3288 366 3349 Ad
401 3292 584 3352 tricesimam
611 3293 726 3371 repetis
759 3290 888 3353 eundem
915 3297 998 3351 tuam
1025 3288 1153 3351 cantile-

235 3392 316 3452 nam,
339 3372 421 3452 quod
443 3374 564 3433 animae
585 3381 687 3434 certae
709 3381 780 3435 sunt
800 3373 840 3435 de
859 3373 1026 3455 gratiaDei
1049 3378 1081 3432 et
1104 3390 1151 3431 sa

235 3454 298 3515 lute
320 3463 379 3515 etc.
422 3453 537 3530 Quibus
558 3475 650 3536 supra
674 3457 829 3538 respondi.

318 3536 367 3597 Ad
397 3538 578 3597 tricesimam
606 3539 736 3621 primam
765 3539 840 3601 diois
875 3558 924 3599 mc
962 3536 1151 3618 superfluum

241 3766 246 3775 .
310 3724 341 3785 l)
360 3723 392 3774 In
409 3723 453 3777 ed.
471 3726 570 3791 prino:
590 3725 655 3779 115.

309 3791 340 3861 ¹¹)
353 3793 442 3845 silom.
462 3794 488 3846 8.
589 3832 594 3840 ·
