2600 4300
366 310 401 369 do
418 313 519 368 virtuts
535 309 780 381 indulgentiarum.
975 306 1036 371 tot

114 483 144 539 in
171 478 314 541 medicos
343 483 410 541 tote
437 480 608 546 substantia
648 480 736 561 peius
769 486 801 544 et
829 480 917 559 peius
944 477 1036 541 habe·

115 570 176 625 ant

194 644 291 707 Fides
317 648 417 726 primo
444 647 476 707 in
498 646 665 725 Christum,
692 647 856 726 gratuitum
883 645 1037 705 remissio·

113 731 158 789 nis
169 728 365 808 largitorem,
386 728 529 791 docenda
549 736 626 808 eret,
646 734 679 791 et
699 728 874 808 desperatio
893 728 1036 808 proprias

115 812 311 873 contritionis
334 819 367 873 et
386 812 605 873 satisfactionis
616 810 839 893 persuadenda,
863 812 950 873 utsic
962 808 1036 871 fidu·

115 896 214 955 ciaet
236 894 353 975 gaudio
375 895 487 969 cordis,
508 895 548 957 de
570 893 898 957 misericordiaOhristi
915 892 1036 972 firmati,

114 977 239 1037 tandem
273 978 414 1039 hilariter
442 979 563 1039 odirent
578 986 756 1058 peccatum,
790 985 821 1037 et
841 985 1036 1039 contereren-

115 1070 158 1121 tur
178 1059 225 1203 Ἄ,
251 1068 285 1121 et
306 1061 527 1124 satisfacerent.
757 1060 763 1069 '

222 1162 263 1203 ec
296 1145 423 1205 iuristae
452 1144 588 1205 eiusdem
614 1142 809 1205 carnificinae
831 1162 943 1223 segnes
965 1148 1036 1203 sunt

117 1232 246 1304 sutores,
271 1228 335 1305 qui,
358 1227 430 1287 dum
452 1229 546 1287 nimio
561 1227 663 1289 studio
673 1226 825 1289 extollunt
846 1233 1035 1305 potestatem

116 1329 221 1389 popae,
244 1309 318 1389 plus
339 1310 478 1371 fecerunt
493 1312 648 1371 aestimari
665 1319 697 1369 et
719 1310 820 1369 mirari
849 1315 1034 1388 potestatem

116 1412 223 1471 papae,
247 1411 342 1470 quam
364 1392 491 1455 verbum
499 1394 611 1455 Christi
631 1393 778 1455 honorari
800 1391 871 1466 tide,
891 1411 960 1453 cum
982 1391 1035 1453 do-

117 1475 198 1534 cendi
221 1476 289 1535 sint
309 1476 476 1554 homines,
507 1483 541 1535 ut
568 1496 629 1539 non
664 1477 695 1537 in
717 1482 903 1555 potestatem
924 1493 1034 1554 papae,
1135 1462 1149 1483 ‘

117 1558 217 1617 sedin
241 1558 372 1619 verbnm
395 1558 506 1619 Christi
528 1579 629 1639 papae
651 1559 855 1637 promittentis
879 1556 1035 1619 confidere

119 1640 251 1714 discant,
274 1642 301 1701 si
323 1641 417 1703 modo
439 1641 536 1702 velint
556 1661 626 1703 esse
645 1642 747 1721 peccti
777 1642 809 1701 io
837 1641 1033 1701 conscientiis

119 1725 182 1785 suis.
225 1723 302 1784 Non
324 1726 417 1802 enirn,
438 1726 509 1803 quia
529 1745 611 1804 papa
631 1724 694 1802 dat,
716 1724 831 1802 aliquid
852 1722 957 1802 habes,
979 1723 1035 1785 sed

122 1808 141 1865 si
159 1806 329 1867 credideris
351 1818 382 1868 te
393 1810 542 1887 accipere,
563 1808 671 1883 habes,
685 1815 802 1867 tantum
818 1807 925 1885 hahes,
940 1826 1034 1886 qusn-

121 1898 175 1948 tum
196 1889 311 1966 credis,
332 1899 459 1969 propter
480 1892 715 1971 promissionem
739 1890 859 1951 Christi.

191 1972 261 2033 Nisi
284 1981 387 2033 autern
406 1981 544 2053 potestas
566 1973 697 2036 clerium
719 1974 763 2033 sic
784 1972 901 2033 valeret
921 1973 961 2033 ed
982 1993 1034 2053 pa-

122 2074 178 2115 cem
211 2056 318 2117 cordis
347 2064 379 2117 et
404 2056 617 2118 remissionem
638 2056 765 2135 culpae,
799 2062 862 2116 tum
888 2075 960 2117 vere
983 2054 1035 2137 (ut

123 2139 198 2199 dunt
241 2138 387 2218 quidam)
429 2138 646 2202 vilificarentur
684 2138 903 2220 indulgentiae.
953 2138 1034 2214 Quid

125 2224 196 2281 enim
217 2224 326 2302 magni
348 2223 518 2301 confertur,
546 2225 572 2284 si
600 2223 741 2284 remissio
764 2241 933 2302 poenarum
961 2241 1033 2284 con-

124 2305 219 2382 fertur,
248 2325 319 2366 com
356 2305 597 2368 Christianorum
625 2307 666 2366 sit
694 2306 786 2366 etiam
808 2312 937 2366 mortem
960 2324 1031 2368 con·

126 2395 262 2450 nurnero.

193 2471 273 2532 Item
292 2490 347 2532 cor
368 2471 445 2532 dixit
465 2471 604 2532 Christus
626 2469 681 2553 *);
724 2470 863 2545 Quorum
884 2473 1033 2534 remiseri-

127 2554 157 2611 tis
175 2561 312 2633 peccotc,
334 2556 528 2616 remittuntur
549 2556 604 2633 eis,
625 2555 684 2614 nisi
706 2555 789 2633 quod
810 2573 874 2616 non
897 2563 968 2616 suut
987 2575 1033 2618 re-

129 2637 206 2698 missa
225 2637 299 2714 ulti,
321 2639 380 2698 nisi
400 2639 575 2700 remittente
596 2636 757 2698 secerdote
784 2637 890 2698 credet
911 2638 968 2700 sibi
988 2659 1032 2700 re·

129 2720 210 2780 mitti?
252 2721 328 2781 ldeo
350 2721 382 2780 in
403 2721 513 2782 verbo:
535 2720 673 2796 Quorum
695 2721 871 2782 remiseritis
894 2729 1032 2800 peccata,

131 2802 268 2864 confertur
289 2810 451 2883 potestas,
472 2803 528 2866 aed
550 2805 581 2864 io
604 2802 720 2864 verbo:
750 2803 956 2866 Remittuntur
978 2805 1031 2883 eis,

130 2892 301 2961 provocatur
320 2897 467 2966 peccator
487 2886 527 2948 ad
548 2885 642 2948 fidem
662 2886 861 2949 remissionis.
896 2886 981 2949 Sicut
1001 2896 1034 2948 et

132 2967 277 3030 iuuerbo:
321 2969 533 3049 Quodcunque
553 2969 693 3046 solveris,
719 2975 856 3049 potestas
879 2969 976 3034 detur.
997 2971 1032 3032 ln

134 3053 227 3114 verbo:
271 3053 381 3114 Solota
401 3062 509 3127 erunt,
544 3051 623 3114 fides
641 3059 750 3115 nostra
771 3054 930 3114 excitatur.
972 3051 1033 3116 Po-

135 3144 196 3196 terat
213 3137 296 3196 enim
317 3135 437 3197 dicere:
481 3135 617 3210 Quorum
644 3136 821 3196 remiseritis
841 3155 959 3216 poenas
982 3137 1033 3198 vel

137 3220 273 3294 vindictas,
296 3220 322 3280 si
343 3220 493 3281 voluisset
513 3219 544 3280 id
557 3218 739 3299 intelligere,
763 3217 816 3280 sed
829 3220 927 3298 scivit,
949 3219 1032 3298 quod

137 3304 305 3364 conscientia
332 3303 395 3362 iam
415 3301 577 3363 iustificata
598 3321 654 3381 per
675 3302 803 3382 gretiam
832 3319 888 3362 suo
909 3301 1031 3380 trepidi·

139 3393 342 3447 tsteevomeret
361 3386 500 3465 gratiam,
522 3386 580 3446 nisi
591 3393 816 3446 succurreretur
829 3386 857 3444 ei
870 3383 1041 3464 perfidem.

139 3468 165 3528 dc
181 3471 291 3549 gratiae
310 3470 487 3548 praesentia
501 3469 670 3530 ministerio
682 3469 861 3547 sacerdotis,
883 3469 945 3530 imo
961 3487 1030 3547 pec

192 3730 219 3798 t)
236 3731 268 3784 In
284 3729 328 3783 ed.
347 3731 447 3799 princ:
466 3733 719 3784 contemnerentur.
747 3731 756 3736 '

195 3803 220 3868 'J
238 3803 339 3856 iohan.
357 3801 401 3858 20.
