2600 4300
294 349 302 360 e
383 310 558 397 eontrsxltsl.
575 293 697 376 «lobene.
716 319 791 374 Eooil
809 317 897 407 lupis.
981 309 982 312 '
1040 307 1101 378 505

181 491 264 551 lloes
284 491 319 551 in·
337 492 437 572 grstia
461 491 621 571 spostolus
643 491 798 570 captivum
832 507 866 550 so
887 488 961 548 (linit
981 490 1012 550 in
1030 489 1101 571 lege

180 575 310 654 pessuli,
334 580 365 635 et
385 581 417 634 tu
437 574 555 634 bomini
577 575 732 654 pennatori
768 571 875 632 tribuis
904 571 1032 632 liberum
1055 591 1100 646 ur:

181 655 325 717 bitrium?
353 655 414 718 Seu
435 658 564 735 iterum,
586 656 616 732 Si
638 657 767 716 liberum
788 661 836 714 est
856 653 1026 731 arbitrium,
1049 673 1102 715 our

182 757 323 800 oremus:
359 738 571 800 Sonotiflestur
592 750 705 799 nomen
728 737 834 798 tuum?
870 737 938 797 Fiat
958 737 1101 799 voluntas

181 821 257 882 tue?
291 822 358 897 An,
379 827 414 882 ut
433 821 552 882 laoilius
571 823 737 900 possimus,
758 822 838 881 siout
857 820 1102 904 Pelegisnidix-

181 904 292 965 erunt?
331 904 363 965 si
394 923 533 982 oremus,
566 903 758 984 impossibile
785 910 832 963 est
860 903 943 981 quod
971 921 1093 964 oremus

180 1005 219 1046 se
239 1005 296 1067 per
317 987 378 1048 hoe
398 987 484 1047 nullo
504 992 598 1067 poeto
628 988 661 1046 in
694 985 834 1048 libertate
865 991 980 1047 nostre.
1024 949 1104 1060 Quill

183 1069 311 1130 moror?
335 1070 523 1150 Augustinus
537 1069 865 1130 dieitoontemnendos
888 1087 966 1146 esse,
991 1071 1041 1147 qui
1064 1088 1104 1128 ex

183 1152 301 1212 melitis
321 1153 467 1213 resistunt
489 1154 628 1230 veritati,
661 1151 837 1229 docendos,
868 1153 918 1230 qui
952 1157 990 1211 eri
1018 1152 1104 1232 igno-

182 1236 293 1295 rantis.
334 1235 445 1298 Eleeius
466 1241 570 1310 sutem
591 1235 670 1295 hseo
702 1253 765 1294 non
799 1235 937 1314 ignorat,
969 1239 1005 1293 ut
1031 1233 1104 1294 dixi.
1178 1225 1208 1302 .'

184 1316 318 1392 Quando
341 1337 416 1398 ergo
433 1317 464 1378 fl.
477 1318 583 1378 Patres
605 1317 734 1378 liberum
749 1317 905 1378 arbitrium
928 1315 1105 1396 defendunt,

184 1401 388 1480 mponitotem
411 1400 560 1461 libertatis
581 1401 647 1460 eius
668 1400 861 1480 proedioant,
884 1399 966 1478 quod
989 1399 1106 1459 soilieet

185 1483 264 1543 verti
282 1489 389 1562 potest
408 1482 447 1543 od
469 1482 587 1544 bonum
604 1480 809 1563 pergratiam
833 1483 900 1558 Dei,
924 1487 955 1541 et
975 1479 1040 1542 fieri
1059 1499 1105 1541 re-

144 1568 150 1577 '
184 1582 260 1625 vere
281 1565 420 1644 liberum,
442 1565 480 1626 ed
503 1565 584 1646 quod
608 1573 743 1626 ereetum
766 1571 833 1640 est..
896 1601 898 1608 ,
1097 1570 1100 1579 '

437 1764 642 1826 Articulus
665 1737 853 1826 decimus.

268 1889 383 1952 Multos
414 1909 552 1954 senones
582 1895 753 1956 contraries
788 1908 895 1952 seeroe
918 1892 1104 1972 Scripturas,

187 1991 320 2052 sonsque
340 1981 463 2038 extorte
484 1983 705 2056 exponentes*
1107 2019 1112 2024 -

231 2073 234 2078 ·
270 2055 363 2118 Hune
385 2058 563 2121 iniuriosum
598 2060 630 2122 in
656 2075 799 2119 summos
839 2054 1000 2138 pontilioos
1033 2055 1107 2116 dioit

185 2138 300 2200 Rosius
332 2146 364 2201 et
392 2160 553 2202 erroneum
583 2150 614 2203 et
636 2142 762 2204 nomine
783 2160 853 2201 meo
875 2141 1037 2200 interserto
1060 2158 1103 2198 re·

186 2222 351 2302 prehendit
383 2240 447 2302 me,
485 2224 568 2303 qnod
596 2226 627 2285 in
654 2226 732 2285 notis
754 2220 996 2365 Auguslensibu's
1023 2220 1105 2281 idem

185 2306 377 2384 seripserim,
403 2312 442 2367 'et
471 2308 661 2386 iniquissime
693 2307 734 2367 ibi
762 2307 793 2365 iu
816 2306 931 2365 inerim.
985 2302 1105 2364 Deinde

185 2387 493 2456 eonsumtuwsssbotn
514 2405 584 2450 mse
605 2389 637 2449 et
657 2388 835 2449 defensurus
859 2388 1001 2448 Oenones
1024 2385 1106 2464 dieit,

185 2470 222 2530 B.
246 2468 432 2549 Cypriorum
466 2465 648 2552 exposuisse
669 2470 759 2531 illud:
793 2470 837 2531 Tu
861 2488 895 2531 es
917 2470 1025 2531 Petrus
1047 2475 1105 2531 eto.

186 2552 347 2631 quomodo
376 2554 519 2635 Pelagius
548 2556 678 2634 exponit
708 2553 810 2613 distin.
839 2552 917 2613 XXl.
961 2550 1106 2611 Similiter

186 2640 221 2694 et
241 2634 276 2695 B.
299 2638 514 2716 Augustinum,
538 2636 776 2717 Hieronymum,
799 2634 1012 2711 Ambrosium,
1034 2633 1105 2693 Ber·

187 2716 336 2795 nardum,
363 2718 495 2861 Regiam,
517 2719 662 2781 Glossum
685 2718 887 2795 ordinarium,
920 2732 1028 2776 omnes
1049 2734 1106 2795 per

187 2798 314 2881 Petrum
334 2818 395 2880 exp
418 2803 517 2862 suisss
537 2808 666 2883 petrem.
699 2800 746 2864 De
766 2800 813 2859 his
827 2798 948 2877 quidem
966 2798 1105 2877 superius

188 2883 265 2941 sotis
291 2889 340 2943 est
360 2883 490 2961 dietum,
521 2882 638 2945 orti.II
665 2890 697 2945 et
717 2882 781 2960 lll,
814 2881 897 2961 quod
918 2881 1016 2940 maior
1036 2898 1106 2959 pers

188 2964 373 3025 Sanctorum
399 2966 522 3027 Petrum
551 2969 685 3047 gessisse
708 2984 870 3045 personum
894 2962 1105 3043 apostolorum

188 3051 221 3106 et
243 3046 394 3107 eeclesiae
428 3048 516 3126 dieit,
550 3055 582 3108 et
601 3048 728 3108 abusive
750 3048 871 3107 Petrum
899 3046 1029 3125 intelligi
1052 3062 1107 3125 per

188 3134 318 3208 petrum.
350 3130 416 3190 Nee
436 3130 533 3194 verbe
553 3130 705 3211 evangelii
727 3147 821 3209 posse
841 3147 896 3207 per
918 3145 1106 3205 consequen·

189 3211 265 3271 tiam
284 3212 349 3291 peti
380 3212 461 3286 bono
492 3213 736 3293 suppositionem,
769 3210 851 3291 quod
873 3208 1036 3269 absurdum
1060 3209 1107 3286 sit,

189 3293 312 3355 Petrum
331 3294 487 3355 esdilieori
508 3313 600 3375 super
621 3311 655 3354 se
676 3296 793 3375 ipsum,
815 3292 886 3352 ideo
909 3310 964 3352 eos
987 3290 1108 3371 potissi*

189 3392 285 3437 nom
302 3376 510 3439 Patres—esse
540 3376 732 3455 sequendos,
767 3375 816 3455 qui
848 3374 1048 3455 principalem
1077 3376 1109 3433 et

189 3459 346 3541 proprium
369 3478 493 3520 sensum
515 3459 669 3540 evangelii
697 3463 880 3537 sequuntur,
912 3462 954 3516 ut
967 3454 1108 3535 Augusti·

190 3558 276 3621 num,
298 3540 531 3621 Hieronymum,
552 3540 679 3619 Bedom,
702 3540 876 3620 Origeuem.
1077 3550 1080 3559 “

155 3626 159 3631 ’
273 3623 371 3685 Reoto
391 3643 466 3704 ergo
488 3624 570 3703 dixi,
599 3623 757 3703 Pelagium
779 3622 932 3682 violenter
953 3638 1110 3698 exponere

190 3704 400 3785 evangelium,
421 3725 484 3767 non
506 3708 578 3785 quis
599 3725 656 3785 per
673 3706 795 3765 Petrum
817 3709 935 3782 petrem
956 3701 1109 3781 intelligit,

191 3788 277 3864 quod
300 3787 351 3849 bis
371 3788 677 3869 Eooiuspere'grins
704 3792 838 3849 sectatus
860 3789 1031 3864 eaumtur,
1054 3781 1110 3845 sed
