2600 4300
208 407 210 414 Ι
251 310 320 388 ‘orn
503 326 659 397 nepsam
678 323 711 381 n.
732 326 806 382 can.
826 324 904 383 umn-
927 352 929 357 s

256 498 365 558 simum
385 495 544 559 dominum
565 504 703 559 nostrum
714 516 837 579 papam,
858 500 1059 581 eiusdemque
1078 498 1108 565 8.
1121 519 1161 563 se·-

255 580 325 641 dem
347 580 551 662 apostolicam
566 583 754 662 provocavit
762 589 796 642 et
808 583 989 663 appellarit,
1009 586 1161 665 spostolus

254 665 351 746 petiit,
373 682 407 725 se
418 664 566 744 submisit,
587 671 773 745 protestatus
794 665 859 745 init,
882 666 1049 747 omnlnque
1064 674 1097 728 et
1112 670 1162 729 sin-

252 747 328 829 gula
348 746 410 808 alia
431 747 523 824 iecit,
545 754 692 809 contenta
710 749 742 807 in
764 748 873 809 eadem
896 750 1060 829 schedula,
1088 753 1163 811 cuins

255 829 377 911 quidem
400 830 565 891 schedulae
597 830 813 912 appellationis
827 838 858 891 ut
877 835 1110 913 provocationis
1128 840 1164 895 ta-

254 928 311 975 nor
331 913 372 974 de
392 913 488 976 verbo
506 909 549 973 'ad
570 913 697 974 verbum
719 916 868 993 sequitur,
892 924 923 975 et
943 924 992 976 est
1011 918 1094 977 talis.

337 997 413 1057 (lum
443 992 670 1077 Appellstlonis
694 996 862 1058 remedium
888 1001 920 1059 iu
951 1000 1120 1061 subsidium
1139 1010 1165 1060 et

254 1080 429 1142 relevamen
450 1096 666 1161 oppressorum
689 1096 708 1140 s
727 1081 801 1145 iuris
822 1082 1033 1149 conditoribus
1054 1084 1095 1143 tit
1120 1084 1165 1142 ad-

254 1166 420 1242 inventum,
443 1172 475 1223 et
492 1182 556 1232 ‚non
580 1164 679 1224 solum
702 1163 740 1224 ab
761 1164 864 1243 illatis,
883 1182 993 1225 rernm
1016 1167 1111 1225 etiam
1132 1167 1165 1227 ab

252 1246 418 1309 inierendls
439 1254 473 1307 et
492 1246 801 1307 interrroomminntr's
824 1248 1055 1327 gravaminibus
1077 1256 1109 1309 et
1129 1250 1166 1308 in-

252 1332 335 1391 iuriis
357 1331 423 1391 iura
444 1329 601 1410 appellare
622 1329 815 1409 permittant,
844 1329 958 1391 idcirco
981 1350 1042 1411 ego
1066 1332 1165 1392 Frater

251 1412 396 1475 Martinus
419 1413 578 1475 lutherius
594 1412 841 1493 Augustinensis,
863 1432 969 1475 sacrae
991 1414 1165 1495 theologiae

251 1497 415 1578 professor,
438 1486 952 1577 eiusdemqneiniuittenllergensi
961 1494 1068 1563 studio
1078 1498 1164 1558 Bran·

251 1580 471 1661 denburgensis
494 1578 646 1639 dioecesis
662 1579 771 1643 ¹lector
791 1578 959 1640 ordinarius
981 1581 1165 1661 principalis,

250 1662 478 1743 principaliter,
507 1670 539 1722 et
558 1679 615 1743 pro
638 1662 774 1743 meipso
795 1677 900 1721 eoram
922 1662 1030 1741 vohis,-
1051 1667 1164 1725 rotano

217 1810 220 1816 ,
249 1746 384 1827 publico,
405 1752 551 1824 tanquam
572 1743 696 1825 publice
716 1752 747 1805 et
768 1745 945 1806 authentice
964 1766 1112 1826 persona,
1133 1767 1164 1807 ac

249 1828 376 1891 testibus
398 1828 449 1888 hic
468 1827 698 1909 praesentibus,
727 1829 830 1889 animo
853 1836 884 1888 et
904 1830 1080 1889 intentione
1102 1848 1164 1909 pro-

249 1909 382 1973 vocandi
404 1915 435 1971 el
456 1906 646 1993 appellandi,
674 1910 895 1991 apostolosque
918 1910 948 1989 Ι)
979 1912 1108 1993 petendi
1139 1921 1164 1971 et

248 1991 434 2077 recipiendi,
456 1993 525 2055 dico
548 2002 579 2055 et
599 2008 751 2075 propono.
788 2012 795 2029 ‘

331 2074 423 2155 Quod
444 2096 511 2137 cum
534 2079 565 2137 in
583 2077 711 2137 materis
732 2074 987 2160 indulgentiarum
1011 2079 1121 2137 verine
1138 2086 1164 2137 et

247 2164 383 2223 incertae
405 2162 466 2222 sint
487 2162 649 2242 opiniones
662 2159 830 2238 doctorum,
853 2169 914 2220 tam
937 2163 1162 2222 canonistarum

248 2266 339 2329 quam
362 2245 593 2325 theologorum,
617 2245 725 2303 necin
748 2241 794 2302 his
818 2261 912 2324 usque
932 2244 1029 2305 hodie
1053 2244 1161 2324 aliquid

248 2338 363 2389 certum
387 2335 418 2388 et
439 2327 674 2388 determinatum
696 2323 808 2386 hebeat
829 2327 979 2406 ecclesia,
1002 2329 1063 2386 nisi
1087 2327 1161 2408 quod

247 2413 286 2471 ex
311 2408 344 2473 C.
368 2405 459 2486 Quod
480 2415 663 2472 autemetc.
687 2407 717 2469 el
738 2407 771 2472 0.
794 2407 869 2469 Cum
893 2429 931 2470 ex
954 2427 1013 2488 eo,
1037 2409 1162 2490 aliisque

148 2496 153 2506 '
248 2493 427 2573 quibusdam
450 2493 563 2554 clarum
587 2501 648 2569 est,
677 2491 881 2573 indulgentias
913 2511 982 2552 esse
1011 2495 1162 2552 remissio-

247 2597 301 2637 nes
323 2575 539 2638 satisfactionis
560 2574 808 2657 poenitentialis,
827 2595 846 2636 a
868 2593 923 2636 suo
944 2575 1048 2636 iudice
1071 2579 1161 2656 impo-

246 2661 333 2721 sitae.
355 2657 529 2723 satisfactio
551 2665 652 2719 autem
676 2677 745 2718 esse
767 2657 1051 2740 nliuduon‘potest,
1075 2677 1160 2738 quam

247 2745 363 2826 optima
396 2741 449 2802 illa
471 2758 584 2824 opera,
614 2741 733 2820 oratio,
762 2741 922 2822 ieiunium,
952 2743 1160 2824 eleemosyna,

247 2834 279 2885 ut
301 2833 348 2886 est
368 2827 575 2899 urraomnium
599 2823 813 2906 theologorum
843 2831 874 2886 et
894 2825 987 2886 totius
1011 2823 1160 2885 ecclesiae

246 2922 376 2968 concors
398 2909 559 2971 sententie.
602 2904 641 2966 ut
664 2922 702 2967 ex
724 2907 757 2968 (l.
773 2907 990 2986 Ahusionlbus,
1010 2909 1044 2968 in
1067 2908 1158 2988 gloss.

179 3049 182 3057 ,
245 2996 337 3074 super
358 2989 469 3052 verbo:
491 2989 693 3072 mendaciter,
707 2991 798 3051 'clere
819 2997 921 3072 patet,
934 2991 1018 3070 quod
1042 3006 1098 3071 per
1119 2993 1157 3050 in-

245 3075 417 3157 dulgentias
440 3094 502 3136 non
532 3075 731 3135 extrahuntur
757 3075 877 3134 animae
903 3073 942 3134 de
971 3075 1157 3154 purgatorio,

245 3178 283 3218 eo
307 3157 390 3238 quod
413 3165 483 3219 sunt
505 3156 609 3219 divino
626 3157 743 3218 iudicio
773 3165 955 3228 reservatae,
999 3155 1066 3217 Nec
1087 3158 1157 3218 satis

243 3249 384 3321 constat,
407 3261 465 3302 nec
485 3262 541 3324 per
562 3242 723 3302 ecclesiam
746 3239 978 3302 determinatum
1002 3247 1065 3316 est,
1089 3241 1156 3320 qnid
1193 3277 1194 3284 κ

244 3327 292 3406 sit,
314 3332 345 3384 et
365 3330 511 3405 quantum
533 3323 818 3386 valeatntodusille
833 3315 977 3406 suffragii,
1000 3340 1156 3404 perquem

244 3408 440 3468 conferuntur
465 3408 672 3489 indulgentiae
695 3407 859 3485 defunctis,
888 3411 1067 3488 praesertim
1092 3429 1155 3479 oum

243 3497 305 3550 non
332 3497 449 3551 tantum
478 3506 612 3572 poenae,
641 3489 696 3550 sed
725 3499 756 3550 et
784 3491 891 3571 culpae
914 3507 1038 3574 quoque
1059 3495 1155 3554 remit-

242 3578 344 3630 tentur
376 3574 405 3631 in
437 3575 630 3654 purgatorio,
660 3581 692 3632 ut
726 3572 834 3633 dicitur
865 3573 966 3634 distin.
994 3575 1051 3640 25:
1076 3575 1156 3652 Qua-

242 3649 297 3726 lis,
331 3653 435 3731 culpas
465 3666 566 3714 autem
588 3657 699 3715 remitti
729 3675 747 3715 a
775 3655 842 3716 solo
864 3655 930 3716 Deo
955 3667 1070 3718 certum
1102 3667 1153 3735 est,

511 3763 660 3770 ---....—..

297 3813 328 3877 1)
348 3816 377 3866 ln
398 3819 535 3875 eddone
552 3821 785 3891 apostolicosque.
806 3798 808 3804 ,
922 3842 925 3851 2
