2600 4300
486 224 502 287 t

382 363 420 418 sd
437 363 510 420 otu.
526 363 557 420 F.
576 363 644 421 sur.
664 365 812 420 Prioriotls.
1023 359 1067 428 37

226 530 384 614 Secundo,
405 532 550 595 ubinnnc
563 538 611 596 est
629 539 770 615 potestas
790 551 910 615 pepse,
931 531 983 596 ubi
1004 531 1066 596 vir-

148 621 193 676 tus
215 615 364 694 clerium,
387 618 413 677 si
434 636 498 678 non
517 617 578 677 uisi
598 618 748 678 incertum
771 617 959 698 operantur?
999 616 1064 679 lem

149 698 285 760 Christus
314 699 390 760 nihil
411 699 534 761 dedisse
561 699 683 761 videtur
711 700 875 780 ecclesiae,
908 701 960 780 qni
991 697 1067 762 nihil

148 787 263 842 certum
284 782 315 843 ei
336 781 431 844 dedit
472 783 520 844 Eo
543 783 663 844 scilicet
682 783 823 864 pervenit
843 802 893 844 res
916 781 1068 844 ecclesiae

148 863 246 926 studio
271 864 477 926 scholasticos
498 865 692 946 theologiae,
713 873 747 926 ut
767 884 847 946 quse
870 865 985 926 donste
1006 866 1068 926 sint

147 947 244 1030 nobis,
266 950 453 1028 nesciemus,
475 954 507 1009 et
526 949 557 1010 id
574 948 753 1030 profitemur
765 967 823 1010 nos
840 949 970 1028 nescire,
993 967 1066 1010 eon-

146 1037 189 1090 trs
209 1031 402 1112 Apostolum
426 1031 522 1096 icor.
537 1034 565 1096 3.
601 1030 663 1092 Sed
680 1027 756 1093 tide
776 1049 861 1092 mess
884 1029 1065 1093 deelsrotio·

146 1133 207 1178 nes.
230 1113 335 1176 Credo
358 1133 409 1174 me
429 1114 461 1175 id
482 1114 630 1193 effecisse,
653 1120 687 1175 ut
705 1115 837 1195 intelligi
858 1115 968 1195 possit,
994 1113 1065 1194 quid

146 1196 265 1340 pares,
295 1203 327 1258 et
348 1197 421 1277 qnid
441 1216 504 1259 non
526 1203 707 1279 operentur,
737 1195 829 1277 idque
851 1216 914 1258 non
937 1198 1065 1276 incerte,

219 1283 319 1340 certe.

221 1363 343 1442 Tertio,
364 1361 462 1423 altero
481 1362 593 1424 lacinio
610 1361 711 1444 frigidi
724 1362 813 1423 huius
834 1362 997 1444 patrocinii
1019 1361 1063 1423 tul

145 1445 325 1506 miserorum
344 1445 503 1506 veniarum
526 1451 573 1506 est
593 1445 681 1524 hseo,
705 1445 797 1526 quod,
820 1446 877 1506 etsi
896 1445 941 1505 illi
958 1445 1064 1506 venies

145 1547 203 1589 non
229 1535 475 1608 consequantur,
508 1533 611 1589 temen
638 1530 723 1610 pium
757 1547 835 1609 opus
862 1527 979 1589 iaciunt
1006 1533 1065 1590 eto.

143 1610 223 1672 Volo
250 1629 408 1692 premere,
431 1629 509 1690 quoe
530 1610 581 1671 bic
601 1612 724 1692 cogito,
751 1617 801 1688 tu,
830 1607 964 1692 qudeso,
992 1609 1065 1672 vide

145 1693 213 1774 qnid
239 1693 337 1771 dicos,
360 1700 392 1755 et
412 1693 484 1772 qnid
500 1693 573 1755 inde
586 1699 739 1774 sequetur.
762 1693 831 1755 Hoc
848 1692 917 1755 dioo
933 1693 1066 1772 interim,

144 1795 204 1837 non
227 1782 337 1857 potest
356 1775 489 1856 populus
509 1775 549 1836 sd
570 1778 663 1857 pium·
677 1795 755 1858 opus
778 1773 897 1856 induci,
927 1777 986 1836 nisi
1009 1795 1065 1874 spe
1186 1809 1188 1815 ·

144 1859 261 1920 inserts
294 1859 474 1920 veniarum?
521 1859 578 1920 Dic
605 1859 666 1921 boo
693 1859 828 1942 populo,
855 1864 889 1920 et
917 1858 1003 1936 vide,
1038 1877 1065 1922 st

145 1962 235 2002 onum
264 1942 394 2005 obolum
420 1961 477 2022 pro
504 1943 558 2002 toli
586 1943 715 2003 veritate
737 1942 945 2022 consequeris.
989 1939 1063 2017 Quis

146 2026 222 2086 enim
244 2044 304 2106 pro
325 2027 444 2086 incerto
463 2032 578 2086 certum
600 2023 745 2086 laboret?
771 2023 846 2086 Ideo
867 2042 996 2086 necesse
1018 2030 1066 2086 est

145 2108 349 2189 praeconibus
369 2109 543 2188 veniarum,
571 2107 653 2169 hsnc
672 2107 834 2169 veritatem
856 2125 919 2171 non
942 2107 1065 2170 dooere.

145 2190 183 2252 lut
201 2198 308 2253 temen
331 2211 394 2253 non
416 2190 530 2253 tollitur
549 2193 649 2252 maior
677 2210 748 2272 psrs
777 2191 893 2273 populi.
935 2189 985 2253 nd
1007 2190 1063 2253 hss

145 2276 251 2355 impios
273 2274 394 2337 isbnles
416 2276 625 2355 pervenimus,
648 2273 721 2334 dum
743 2273 909 2351 docemus,
930 2272 1064 2355 populos

147 2375 207 2418 non
223 2358 268 2439 *in
298 2358 499 2418 pottissimum
532 2364 564 2417 et
594 2357 795 2418 nudissimem
823 2355 1063 2417 misericordiam

147 2439 217 2517 Dei,
254 2440 312 2502 sed
342 2442 375 2501 in
407 2441 547 2520 proprios
575 2440 705 2500 iustitias
734 2440 968 2519 incertissimas,
1001 2438 1063 2500 imo

147 2522 245 2583 nolles
268 2522 434 2585 confidere.

227 2604 362 2684 Quarto,
392 2606 436 2665 sic
457 2606 566 2666 veniae
588 2610 694 2666 essent
714 2624 770 2685 pro
792 2604 920 2667 mortuis
942 2602 1066 2665 solidio-

148 2706 195 2749 res
216 2688 310 2768 quom
331 2708 389 2769 pro
410 2688 504 2766 vivis,
526 2688 669 2767 quietus
690 2688 843 2749 sententis
863 2693 992 2769 prosunt
1011 2686 1063 2749 de·

149 2772 258 2833 iunctis
280 2772 459 2851 certissime,
480 2771 558 2831 viris
578 2777 682 2831 nutem
697 2772 824 2847 incerte,
846 2777 878 2831 et
893 2776 995 2831 temen
1007 2788 1064 2851 pro
1114 2816 1122 2835 s

150 2854 226 2914 viris
245 2860 319 2915 sunt
338 2853 548 2935 principaliter
575 2859 606 2913 et
628 2853 743 2914 directe
763 2854 931 2914 institutos.
973 2850 1064 2927 Quod

151 2938 175 2997 si
196 2936 311 2998 directe
330 2955 396 2998 non
417 2943 489 2997 sunt
508 2936 566 2996 nisi
579 2937 725 3013 incertae,
749 2935 915 3017 quomodo,
939 2952 1065 3015 quaeso,

152 3025 250 3080 certoe
269 3018 363 3098 flunt,
386 3017 508 3099 quando
533 3025 604 3079 sunt
623 3018 811 3080 indirectas?
837 3018 965 3095 Fateor,
986 3018 1065 3079 hoec

152 3103 240 3163 mom
260 3102 293 3163 in
305 3100 378 3163 (ilo.
399 3102 502 3167 li.5.c.
524 3100 615 3176 Quod
636 3108 749 3179 eutem,
770 3102 873 3182 posite
894 3102 991 3183 primo
1014 3119 1064 3163 me

153 3191 327 3264 moverunt,
356 3191 391 3245 ut
419 3184 458 3245 de
486 3182 685 3266 indulgentiis
707 3184 885 3267 dubitarem.
928 3183 969 3244 Et
990 3200 1063 3263 qno·

154 3266 242 3328 modo
259 3286 322 3328 non
345 3266 530 3345 dubitarem,
552 3284 619 3327 cum
643 3266 782 3329 dubitare
798 3266 909 3348 jubear
930 3286 950 3326 s
969 3264 1063 3325 tentis

154 3350 306 3410 veniarum
327 3349 487 3428 tutoribus,
509 3348 695 3429 doctoribus,
716 3348 941 3431 praeconibus?

231 3431 357 3512 Quinto,
378 3430 459 3512 vide,
480 3451 520 3492 ns
540 3432 673 3513 populus
694 3434 777 3513 pium
799 3450 877 3513 opus
892 3445 948 3511 pro
965 3428 1064 3491 veniis

157 3514 252 3575 locem
271 3514 382 3576 doctus
401 3533 466 3577 non
487 3514 580 3575 locist
600 3533 640 3576 eo
662 3516 742 3595 ipso,
764 3516 823 3576 nisi
844 3512 957 3574 melum
975 3530 1064 3593 opus,

158 3597 282 3677 scilicet,
313 3599 340 3660 si
360 3616 438 3679 opus
457 3597 632 3659 huiusmodi
654 3596 730 3659 elias
758 3616 822 3660 non
842 3596 972 3675 feceret,
1003 3595 1064 3657 nisi

158 3681 258 3741 venies
316 3687 427 3743 oraret
467 3680 527 3741 Hic
550 3686 652 3761 potet,
684 3675 767 3763 qnod
795 3698 859 3741 non
879 3678 979 3741 Deum
1006 3696 1063 3759 pro

159 3761 230 3841 tine,
255 3699 315 3825 συῒ
337 3770 523 3842 creaturum,
552 3763 669 3825 scilicet
695 3764 909 3825 remissionem
929 3778 1062 3843 poenae,

161 3845 190 3905 in
210 3864 300 3927 opere
321 3865 377 3909 sno
397 3846 500 3927 hebet,
519 3846 578 3907 nisi
598 3864 705 3908 rerum
726 3847 785 3935 sit,
798 3844 882 3926 quod
902 3844 998 3927 sliqui
1019 3841 1062 3903 di·
