2600 4300
377 313 412 369 de
428 312 793 383 virtuts-indulgentiarum·
988 304 1049 377 159

129 480 186 539 fide
205 480 421 559 iustificamar,
443 482 506 544 fida
526 488 558 543 et
577 480 784 562 pacificamur,
806 501 870 542 non
894 480 1048 561 operibus,

128 582 223 641 neque
245 568 462 644 poenitentiis,
484 573 537 627 aut
556 564 812 627 confessionibus.

205 645 302 708 Circa
324 650 405 709 hanc
426 657 545 708 sextam
568 656 600 708 et
633 654 795 727 septimam
818 647 1050 707 conclusionem

126 730 238 789 leonte
276 732 334 791 illa
361 739 468 793 nostra
495 750 562 792 cum
584 730 684 811 gloria
704 730 884 810 triumphat,
920 731 983 791 imo
1011 730 1049 790 de

127 832 171 873 me
196 819 308 875 cantat
336 816 509 877 encomium
538 822 610 875 ante
638 815 809 877 victoriam.
853 812 892 873 Et
919 832 959 873 ex
981 832 1049 873 aen-

126 897 184 958 tine
215 897 271 957 illa
301 900 481 978 opinionum
503 897 592 959 aliam
619 896 778 977 distinguit
808 914 941 975 poenam
963 898 1048 957 satis-

126 979 278 1060 iaotivam,
304 991 336 1041 et
356 980 584 1055 vindicativam,
605 981 696 1040 abano
712 980 925 1039 medios'tivam
949 986 980 1039 et
1000 998 1049 1041 cu-

126 1065 268 1141 rativam,
306 1065 396 1143 quasi
416 1083 545 1124 necesse
567 1065 625 1141 sit,
653 1063 732 1123 haec
752 1063 801 1123 vel
827 1062 1049 1123 somniantibus

126 1144 272 1220 credere,
304 1165 489 1225 quamquam
507 1166 611 1207 coram
632 1146 750 1225 populo
779 1146 859 1205 hanc
882 1146 1048 1207 distinctio-

126 1249 188 1287 nem
211 1229 456 1308 prudentissime
471 1230 582 1307 celant,
603 1249 644 1290 ue
656 1230 807 1289 vilescant
828 1228 1048 1308 indulgentiae,

127 1312 169 1369 vel
190 1314 299 1391 potius
321 1312 428 1385 lucra,
457 1314 483 1373 si
506 1312 639 1391 populus
661 1312 847 1392 intelligeret
869 1318 929 1371 tam
952 1312 1048 1373 modi·

127 1414 172 1453 cas
204 1402 238 1454 et
265 1396 389 1457 steriles
411 1396 613 1455 vindicativas
637 1393 775 1477 (idest,
809 1394 974 1475 confictas)
1005 1414 1049 1455 re·

127 1479 197 1537 mitti
219 1497 356 1556 poenas.

200 1560 341 1639 Deinde,
361 1567 395 1621 ut
411 1566 516 1621 notum
531 1560 644 1621 iaceret
664 1560 813 1636 omnibus,
836 1578 906 1621 sese
921 1562 1049 1638 nescire,

128 1642 190 1720 quid
209 1645 260 1703 'sit
285 1645 338 1704 vel
359 1651 464 1719 vetus,
497 1644 545 1703 vel
569 1662 683 1703 novum
705 1644 925 1721 sacerdotium,
956 1645 1055 1705 intro:
1088 1723 1091 1729 Ι

128 1725 203 1785 ducit
231 1728 330 1789 aliam
363 1726 525 1787 verborum
560 1727 722 1806 caliginem
753 1734 783 1787 et
821 1726 1048 1789 distinctionem

129 1809 274 1886 clavium,
296 1811 376 1871 alias
405 1811 596 1885 autoritatis,
625 1810 703 1871 alias
726 1810 943 1888 excellentiae,
972 1811 1048 1872 alias

129 1893 349 1953 ministeriales.
392 1892 482 1953 Adeo
505 1893 580 1951 nihil
608 1901 760 1953 noverunt
788 1894 880 1955 etiam
914 1895 1050 1973 magistri

129 1976 215 2035 nostri
249 1977 380 2053 eximii,
408 1976 583 2035 haereticae
614 1977 772 2055 pravitatis
801 1968 996 2055 inquisitores
1020 1984 1051 2037 et

130 2057 301 2122 camoliam
322 2057 396 2119 fidei
418 2056 613 2134 detensores,
641 2060 699 2119 nisi
729 2059 812 2136 quod
835 2078 873 2119 ex
894 2060 1050 2121 laciniosis

96 2137 97 2140 ’
130 2150 156 2199 et
184 2140 399 2220 praerancidis
430 2142 661 2220 quaestionibus
691 2146 787 2221 quarti
824 2142 1050 2204 Sententiarum

96 2274 97 2277 ,
131 2233 284 2302 suxerunt,
308 2224 549 2303 volentesiorte,
574 2225 657 2302 quod
676 2225 818 2304 quicquid
832 2225 969 2286 Christus
991 2228 1050 2288 sol-

131 2308 202 2367 verit
230 2307 372 2368 clavibus
401 2307 606 2368 excellentiae
639 2309 781 2392 incaelo
808 2310 948 2382 (namin
971 2315 1053 2370 terra

96 2400 97 2413 ³
132 2409 188 2450 non
209 2391 308 2452 solvit
329 2392 413 2470 ipse)
438 2391 572 2454 solutum
598 2393 656 2450 erit
685 2392 718 2452 in
742 2411 833 2471 super
855 2391 944 2454 coelo
969 2393 1051 2472 apud

132 2473 229 2534 Deum.
274 2473 414 2534 Rursum-
444 2480 477 2532 ut
502 2484 534 2534 et
553 2474 638 2533 Dens
666 2475 706 2534 sit
727 2475 887 2554 pontilari,
916 2475 993 2536 alios
1018 2476 1047 2554 ι)

133 2553 287 2635 fingendus
321 2564 370 2616 est
390 2557 474 2618 Deus
495 2557 658 2635 superior,
692 2557 774 2636 apud
797 2575 887 2636 quem
910 2559 949 2618 sit
970 2559 1049 2620 solu-

134 2646 209 2710 tum,
237 2639 386 2718 quioquid
413 2641 481 2718 ipse
503 2640 630 2700 solverit
662 2639 797 2702 clavibus
825 2642 997 2706 autoritatis
1019 2645 1050 2703 in

96 2778 97 2781 ,
134 2740 217 2800 super
238 2723 339 2782 coelo.
383 2722 443 2782 Sed
473 2722 628 2782 facessant
661 2741 782 2803 nugae,
810 2743 893 2786 unas.
910 2727 1051 2787 novimus

96 2802 97 2853 ξ
136 2803 244 2883 claves,
268 2807 388 2865 tanturb
410 2807 442 2864 in
463 2812 544 2864 terra
566 2804 703 2865 traditas.
1093 2871 1095 2879 ,

208 2888 279 2947 lam
302 2887 385 2966 quod
406 2888 556 2965 inferunt,
586 2887 669 2969 Ergo
699 2895 795 2965 errat,
819 2889 871 2968 qui
893 2890 981 2969 dicit,
1004 2911 1051 2952 sa·

139 2969 287 3031 cerdotem
311 2971 511 3051 novaelegis
534 2979 652 3030 tautum
675 2972 876 3050 approbando
900 2981 931 3033 et
952 2974 1051 3034 decla·

140 3053 228 3114 rsndo
251 3053 386 3128 solvere,
407 3055 468 3115 hon
489 3055 568 3121 enim
592 3053 705 3114 ludaici
728 3062 793 3116 erat
814 3055 987 3118 sacerdotii.
1024 3058 1050 3120 0

140 3154 260 3203 acumen
282 3137 402 3216 ingenii
431 3144 465 3199 et
483 3137 604 3216 pondus
634 3139 744 3216 ingens
766 3138 965 3217 cruditionis,
989 3141 1052 3221 dig·

140 3219 247 3278 nissimi
277 3221 370 3299 plane
391 3221 463 3296 viri,
491 3221 542 3297 qui
570 3221 724 3298 inquirant
744 3220 916 3282 haereticos
944 3231 975 3282 et
1002 3224 1051 3283 de-

96 3352 97 3361 ,
141 3301 258 3363 tendant
280 3302 463 3363 catholicam
486 3301 597 3379 fldem,
626 3302 679 3362 sed
708 3303 856 3363 ¹adversus
878 3303 996 3386 lapides
1022 3313 1052 3367 et

141 3383 224 3463 ligna.
267 3384 390 3460 Quanto
412 3386 525 3445 rectius
546 3385 824 3464 apostolusPaulus
846 3387 1050 3448 sacerdotium

142 3475 220 3527 vetus
247 3470 357 3528 asserit
385 3470 559 3530 constitisse
588 3469 618 3527 in
643 3467 815 3529 iudicandis
843 3469 990 3552 leprosis,
1019 3473 1050 3532 in

144 3549 397 3613 iustificationibus
420 3551 615 3617 eimunditiis
638 3552 747 3626 carnis,
771 3553 802 3612 in
821 3551 889 3614 cibo
913 3561 944 3614 et
965 3562 1050 3635 potu,

145 3642 171 3691 et
195 3637 321 3711 vestitu,
348 3641 379 3694 et
406 3635 491 3695 festis
521 3634 628 3694 diebus
659 3642 717 3697 etc.
761 3633 877 3710 Quibus
897 3644 931 3698 ut
954 3637 1052 3720 figura

96 3796 97 3807 ‘
208 3809 238 3878 1)
259 3809 346 3898 inin:
371 3809 449 3864 mm.
