2600 4300
290 350 386 421 aare
401 344 550 402 men.
567 320 662 400 mun
679 344 915 415 Aug-trram.
1003 339 1069 411 tete

341 555 511 660 Bravid¹
528 535 874 661 conmemoratio

145 716 276 795 Rerum,
300 736 380 798 quae
399 720 557 798 Augustae
579 718 671 779 Anno
694 716 733 779 n.
755 716 793 777 Ι).
815 714 913 777 XVIII
934 716 1068 797 pereatis

144 802 204 861 iam
242 801 377 861 comitiis
411 820 481 861 cum
509 798 547 863 D.
568 800 698 861 Martino
725 798 856 861 Luthero
886 798 1008 861 Ordinis
1036 796 1068 860 Β.

145 882 311 962 Augustini
334 882 372 943 de
390 884 589 965 indulgentiis
612 880 839 965 pontificalibus
862 886 932 943 sunt
952 879 1068 963 gestae,

145 972 236 1047 atque
260 985 280 1025 a
303 964 392 1027 claris
415 974 445 1027 et
465 964 526 1027 fide
539 966 638 1048 dignis
660 965 833 1027 hominibus
856 964 894 1025 sd
918 962 1068 1063 quosdarp

226 1050 341 1112 summi
364 1048 485 1111 Ordinis
509 1051 590 1109 viros
612 1052 691 1111 inter
712 1049 772 1111 alia
793 1049 1005 1131 perscriptae·
1051 1116 1054 1127 ¹

227 1203 361 1275 Vestrae
374 1214 552 1276 Celsitudini
569 1235 624 1297 pro
642 1212 828 1293 novitatibus
844 1212 922 1275 haec
944 1228 1067 1293 quoque

147 1297 349 1358 observanter
377 1296 580 1378 significanda
612 1298 696 1361 duxi.
740 1294 856 1376 Pridie,
889 1316 958 1359 cum
990 1294 1068 1356 hae'c

146 1377 329 1460 scriberem,
356 1402 468 1463 nempe
491 1380 539 1441 die
561 1379 658 1461 lovis,
687 1380 827 1441 domiuus
850 1378 1006 1462 Philippus
1030 1376 1068 1438 'de
1111 1436 1116 1445 ,
1183 1434 1189 1439 .

146 1457 302 1540 Feiliteeh,
324 1483 418 1543 eques
431 1472 566 1542 aureius,
588 1471 617 1524 et
640 1464 753 1545 eg02),
776 1453 971 1523 illustrissimi
986 1458 1068 1523 Prin·

147 1546 220 1625 cipis
243 1544 391 1607 Friderici
402 1544 499 1609 Ducis
515 1543 671 1609 saxoniae
692 1538 843 1625 Electoris
866 1552 923 1607 etc.
946 1546 1070 1605 domiue

146 1648 273 1689 causam
307 1622 443 1691 nobis'a
473 1649 529 1689 sua
551 1628 630 1690 Cela.
659 1628 871 1705 commissam,
908 1634 1069 1709 praesente

146 1710 284 1782 Doctore
309 1710 441 1773 Martino
461 1711 605 1787 Luthero,
626 1710 707 1793 apud
731 1710 902 1775 Romanum
926 1706 1069 1771 Cardine·

146 1792 217 1860 lem.
241 1792 367 1855 Ordinis
390 1794 654 1871 Praedicatorum‚
677 1796 772 1855 virum
796 1794 911 1873 alioq'ui
933 1792 1067 1872 doctum,

148 1878 278 1957 egimus.
320 1877 364 1939 Ibi
393 1875 511 1939 Doctor
539 1878 686 1941 Martinus
716 1876 854 1937 exhibuit
887 1894 1068 1959 reapcnaum
1166 1898 1168 1909 ·

149 1968 176 2020 at
197 1958 440 2023 declarationem
462 1981 585 2021 suarum
597 1958 856 2041 Propositionum,
880 1976 956 2039 quaa
978 1966 1070 2019 antea

137 2041 422 2124 ‘refutaveratipse
444 2042 626 2121 Cardinalis,
648 2040 731 2123 quod
754 2042 809 2101 sibi
833 2041 979 2103 adversus
991 2040 1069 2103 Pon·

150 2124 262 2188 tilicem
285 2133 316 2187 et
337 2124 500 2188 ecclesiam
522 2127 694 2189 Romanam
718 2126 817 2206 egisse
841 2124 1000 2192 videretur.

227 2207 313 2270 Inter
336 2210 396 2275 alia
419 2230 491 2272 vero
515 2209 684 2273 cardinalis
715 2209 813 2290 legem
837 2207 990 2292 quandam
1013 2227 1067 2270 seu
1116 2279 1123 2290 s

100 2342 101 2352 ,
152 2293 400 2354 constitutionem
436 2293 623 2374 pontificiam
658 2291 895 2354 obstinatissime
929 2292 1067 2374 urgebat,

152 2383 241 2453 atque
265 2373 346 2458 huic,
370 2383 515 2456 tanquam
538 2376 736 2437 fundamento
761 2394 836 2435 auae
858 2391 979 2448 causae,
1002 2371 1077 2458 per!

153 2457 290 2518 tinaciter
314 2457 502 2534 inslstebat,
520 2460 606 2539 quasi
635 2457 782 2518 Lutlrerus
810 2477 877 2518 eam
906 2455 1069 2538 inlrIngere

152 2541 303 2602 niteretur.
353 2541 495 2611 Ceterum
522 2541 686 2618 Lutherus,
717 2545 861 2620 tanquam
884 2537 928 2599 vir
949 2541 1069 2620 integer

153 2631 180 2682 et
200 2621 407 2704 Christianus,
423 2623 561 2701 ,minime
582 2623 695 2684 infitias
721 2623 800 2700 ibat,
837 2621 919 2682 illam
947 2623 1067 2683 'tonati-

153 2707 298 2769 tuticnem
322 2727 390 2768 esse
411 2707 600 2787 pontificiam
624 2704 740 2787 legem,
769 2705 822 2766 sed
844 2710 945 2766 tamen
969 2713 1091 2786 patro,

153 2790 245 2850 cinari
278 2810 346 2850 eam
368 2791 538 2852 sententiae
555 2789 724 2850 cardinalis
775 2787 952 2870 ernegabat.
1002 2787 1070 2850 Hoc

152 2871 200 2931 ille
234 2871 364 2934 moleste
399 2871 499 2934 serens
522 2871 622 2934 subito
656 2871 695 2934 ad
730 2810 822 2932 lilios
853 2869 1006 2952 confugit,
1040 2878 1070 2933 at

153 2954 238 3015 iatam
262 2955 413 3034 quaesivit
434 2955 708 3034 constitutionem,
738 2973 828 3034 quem
852 2973 920 3016 cum
944 2953 1069 3034 diligen-

154 3037 206 3098 tius
229 3037 480 3118 introspexisset,
514 3059 617 3100 veram
646 3057 715 3102 esse
735 3035 856 3098 Lutheri
886 3039 1068 3098 sententiam

155 3117 359 3199 deprehendit.
404 3118 589 3200 cardinalis,
606 3121 679 3181 ¹etsi
707 3139 840 3182 errorem
870 3119 950 3180 hunc
972 3128 1068 3192 souin

155 3209 315 3282 praetextu
337 3201 470 3283 quodam
495 3203 656 3266 verborum
680 3201 816 3265 studiose
838 3209 1016 3282 excusaret,
1039 3210 1069 3263 et

156 3304 225 3364 nos,
248 3293 381 3366 exceptu
401 3287 557 3370 religionis
575 3287 756 3367 autoritate,
786 3306 847 3347 nou
870 3284 994 3368 multum
1019 3303 1068 3344 cu-

155 3386 305 3446 raremus,
327 3387 426 3449 neque
449 3369 734 3450 quidquam'etiam
756 3367 955 3450 Indulgentiis
983 3365 1069 3428 dero·

156 3459 253 3530 garet,
275 3449 423 3513 Lutherus
446 3459 564 3529 tumen,
586 3459 619 3513 ut
642 3453 687 3514 vir
710 3451 833 3531 doctus,
865 3441 986 3511 illustre*
1002 3467 1069 3532 spe·

221 3638 251 3694 ⁸)
270 3632 480 3693 Baduhennae
499 3633 570 3688 unet
587 3626 805 3685 Iurisconsultus
831 3635 858 3684 et
883 3627 1067 3689 consitiorius

158 3703 285 3759 Electoria
312 3703 466 3770 Senoniae,
495 3704 543 3774 qui
569 3720 632 3756 cum
657 3700 782 3768 Philippo
799 3699 840 3752 'de
859 3699 988 3754 Fellitsch
1013 3697 1068 3752 Au·

158 3781 249 3842 gmtaa
269 3773 349 3827 vind.
368 3773 464 3846 Legati
491 3773 626 3828 Electorta
656 3785 771 3824 munera
796 3771 974 3840 fungebatur,
1005 3785 1068 3825 corr·

157 3848 261 3915 nrtpsit
278 3845 351 3898 hunc
369 3845 483 3900 Brevem
503 3843 812 3901 commemorationem.
991 3846 995 3856 '
1030 3864 1035 3876 ·
