2600 4300
367 820 665 917 Resolutionos
696 804 1037 941 disputationum

240 957 279 1069 do
316 1000 589 1103 indulgentiarum
622 1008 749 1072 uintute
790 1006 822 1071 Ρ.
857 1006 990 1073 Martini
1025 1008 1147 1075 Lnthsri

242 1087 476 1171 Augustinusni
498 1089 824 1173 Vuittembergeusis‚
853 1090 893 1155 od
915 1092 1047 1157 Leonem
1080 1091 1147 1157 deoi-
1191 1096 1192 1171 t

354 1189 437 1237 mum
457 1171 574 1237 Pontii.
598 1170 741 1238 omnibus
762 1172 862 1238 modis
893 1191 1053 1243 summum.
1191 1174 1192 1201 ³

643 1278 743 1338 Liber.

371 1404 541 1465 Candidum
566 1414 597 1466 et
617 1406 745 1466 liberum
769 1408 916 1467 lectorem
939 1407 1022 1468 volo.

588 1576 797 1587 -u-w-——n--n

322 1697 475 1788 liutherus
498 1730 590 1809 penio
613 1738 778 1810 postquam
811 1729 913 1789 theses
938 1728 977 1788 de
1000 1727 1146 1807 induigen-
1190 1758 1192 1792 u

237 1813 344 1871 tiorum
360 1810 470 1872 viitute
484 1816 654 1892 proposuit
676 1813 723 1873 his
738 1816 870 1873 virorum
895 1812 1053 1873 doctorum
1075 1810 1146 1869 iliius
1191 1825 1192 1879 j

237 1896 346 1954 eetetis
376 1913 490 1955 unorem
527 1904 649 1956 secutus
672 1898 926 1975 probationes
950 1896 1014 1953 sive
1049 1912 1145 1953 reso·
1188 1926 1192 1961 ς

237 1976 414 2037 lotiones
437 1978 603 2059 odinngere
618 1982 746 2059 paravit.
768 1979 802 2039 ld
824 1980 884 2037 isin
908 1996 1014 2037 mense
1026 1976 1145 2035 Novem·
1191 2008 1192 2023 u

237 2060 282 2121 bri
304 2080 331 2119 a.
359 2065 434 2123 nott
459 2063 560 2141 egisse
583 2082 652 2122 eum
675 2069 808 2141 eppei-et
825 2081 863 2119 ex
888 2059 1035 2139 epistola,
1066 2076 1145 2137 quein

237 2142 396 2223 Spoletino
420 2153 491 2205 tnnc
514 2144 598 2206 dedit
619 2154 650 2206 et
671 2147 701 2205 in
725 2165 785 2225 qua
805 2145 883 2204 haec
911 2143 1047 2222 scripsit:
1069 2141 1146 2219 „Fuit
1191 2176 1192 2186 κ

237 2226 302 2286 heri
331 2227 412 2307 apud
448 2249 496 2287 me
520 2229 669 2288 Dominus
692 2229 797 2288 Abbss
819 2228 999 2286 Leniuensis
1034 2225 1144 2285 nomine

237 2316 268 2368 et
280 2310 348 2368 vice
370 2311 530 2369 reverendi
541 2312 665 2371 Domini
684 2311 831 2390 Episcopi
845 2309 1143 2387 Brundeubuugensis,

237 2393 321 2452 cuius
344 2399 375 2452 et
397 2393 499 2452 literne
521 2393 560 2452 ad
589 2414 637 2454 une
659 2394 774 2471 attulit,
812 2393 946 2453 referens
976 2391 1046 2449 mihi
1072 2409 1142 2448 meu·
1191 2429 1192 2458 p

117 2518 123 2531 ,
237 2474 309 2534 doto
332 2475 468 2534 eiusdem
491 2476 615 2535 Domini
637 2477 784 2556 Episcopi
807 2477 919 2552 nostri,
942 2482 1049 2552 optare
1070 2492 1100 2530 se
1118 2481 1144 2530 et

237 2564 357 2636 petere,
394 2565 427 2617 ut
456 2559 612 2636 pnuininm
635 2558 772 2620 differem
797 2559 1003 2618 editiones
1026 2555 1141 2634 probs-

237 2641 380 2699 tionnm
410 2660 575 2701 mearum
607 2649 638 2701 et
673 2641 877 2720 quarumlibet
904 2639 1140 2712 lucubrationum,

237 2724 261 2782 si
284 2741 360 2801 quus
382 2723 549 2783 haberem:
573 2725 610 2784 de
633 2724 831 2804 indulgentiis
854 2731 955 2783 temen
972 2721 1028 2792 (de
1042 2719 1142 2780 Wette:

237 2813 319 2876 tuni>
349 2826 521 2866 sermonem
545 2808 703 2886 vulgarem
742 2807 856 2866 editum
887 2805 977 2865 uelde
1005 2803 1095 2864 nollet
1117 2813 1141 2860 et
1190 2840 1192 2875 p

237 2887 383 2968 deinceps
405 2909 466 2950 non
492 2890 644 2949 edendum
668 2907 726 2948 nec
750 2889 943 2950 vendendum
967 2887 1090 2966 rogavit.
1112 2918 1136 2927 ν
1191 2933 1192 2958 3

236 2972 321 3031 Licet
342 2974 420 3031 enim
437 2972 511 3032 nihil
533 2975 643 3033 erroris
667 2975 696 3031 in
719 2973 795 3050 iliis,
818 2972 871 3032 sed
890 2967 1139 3031 omnincethoiicu
1191 3005 1192 3040 ᾗ

237 3074 306 3114 esse
330 3063 479 3125 censeret,
501 3056 628 3134 ipseque
640 3055 800 3116 damnaret
820 3055 888 3115 illes
911 3049 1138 3128 indiscretus(ut
1190 3089 1192 3118 2

236 3136 367 3220 vocent)
378 3138 637 3217 proclamationes
644 3139 912 3218 indulgentiarum,
924 3144 1024 3195 tomen
1034 3139 1139 3213 propter

236 3220 414 3280 scandatum
436 3220 584 3281 indicaret
597 3222 817 3300 aliquantulum
840 3218 1001 3281 tacendum
1025 3213 1138 3276 etdiiie·
1189 3261 1192 3272 Α

117 3331 122 3336 ·
237 3304 396 3364 rendnm“.
423 3304 517 3383 (npp.
541 3304 628 3364 Luth.
652 3304 809 3364 ed.Aurif.
832 3304 854 3378 1,
876 3305 926 3368 ic.
950 3301 988 3360 de
1010 3299 1104 3360 Wette
1121 3296 1137 3372 i,
1191 3343 1192 3346 η

236 3407 266 3467 p.
289 3388 361 3465 71).
384 3386 518 3447 Cernere
539 3387 611 3446 hinc
633 3387 706 3446 licet
725 3389 784 3447 iam
808 3395 879 3446 tunc
901 3388 979 3445 inter
993 3383 1136 3442 Lutheuunu
1189 3427 1192 3440 t

237 3480 268 3529 et
290 3472 470 3549 episcopum
483 3470 810 3550 Brnndenburgensem
833 3469 1046 3530 commercium
1059 3461 1136 3543 quod·
1190 3505 1192 3536 p

237 3553 307 3610 deni
331 3553 528 3630 epistolarum
552 3553 591 3613 de
613 3553 810 3633 indulgentiis
832 3553 941 3628 fnisse,
974 3557 1005 3610 et
1025 3548 1061 3608 ob
1081 3565 1135 3606 eom

194 3642 198 3650 '
238 3651 301 3691 rein
325 3633 562 3694 Seckendouiius
584 3639 613 3694 in
627 3636 762 3695 Historia
783 3636 902 3695 Lutheu.
926 3635 948 3708 Ι,
970 3653 998 3712 p.
1012 3635 1047 3695 32
1067 3635 1136 3690 recte
1191 3697 1192 3707 χ

239 3713 319 3770 hoec
340 3724 461 3774 monet:
499 3738 581 3794 „non
605 3718 818 3794 dubitandum,
841 3718 913 3796 quin
935 3719 995 3776 iani
1017 3721 1136 3791 tempore
1189 3735 1192 3762 u

241 3793 460 3872 publicatorum
497 3799 626 3877 thesium
655 3801 762 3861 ultimo
785 3800 853 3860 Oct.
885 3803 962 3864 1517
992 3796 1038 3857 vel
1067 3795 1134 3875 prius
1190 3840 1192 3875 3
