2600 4300
255 333 298 401 18
507 335 666 406 Responsio
684 334 718 390 D.
738 334 817 390 liert.
828 317 940 390 innon

254 510 358 586 novit,
381 506 504 588 diliget,
531 507 586 568 sed
608 508 715 568 omnio
736 525 815 586 quoe
844 507 902 567 sibi
923 504 1191 578 eontrariesssnnt,

256 598 394 671 quaerat.
436 591 519 650 Nihil
547 598 651 650 sutem
685 597 732 650 est
752 591 938 650 eontrarium
960 586 1131 648 mendacio
1157 593 1190 643 et

256 675 393 753 vanitati,
417 691 507 752 quern
529 670 694 755 vendoil),
714 674 759 734 its.
779 672 823 749 fit,
845 678 887 750 ut,
911 671 982 731 dnm
995 687 1029 730 se
1049 668 1132 750 odit,
1158 674 1191 726 et

241 757 325 819 sibi·
344 775 466 836 ssmper
492 757 649 817 eontrarie
675 763 772 833 ornat,
805 756 966 815 verissime
998 772 1032 812 se
1060 751 1187 831 diliget,

254 857 318 900 non
340 841 380 898 in·
394 857 428 898 se
448 841 535 920 ipso,
557 839 613 898 sed
632 839 666 898 in
688 840 832 916 veritate,
857 855 936 916 quse
959 834 1102 896 mendeei
1127 833 1189 892 sibi

255 929 303 982 est
324 923 487 984 contraris.
515 922 677 983 Siosnneti
692 939 822 999 ornnem,
845 927 985 997 mortem,
1008 919 1186 1000 stultitiam,

253 1006 454 1085 ignominiam
478 1005 652 1064 dilexerunt
673 1011 705 1064 et
729 1001 907 1084 sopierunt,
944 1002 1187 1082 quibustnmen

254 1089 313 1166 ipsi
335 1107 398 1148 non
420 1089 479 1147 nisi
501 1086 718 1167 perdebantur,
740 1088 811 1165 quin
832 1105 867 1146 se
888 1087 973 1164 ipsos
995 1085 1026 1144 in
1049 1082 1186 1143 nihilum

253 1169 454 1250 redegerunt,
481 1178 514 1230 ut
542 1177 625 1230 esset
646 1170 729 1229 Deus
758 1170 863 1230 omnis
888 1170 920 1227 in
943 1165 1096 1228 omnibus.
1145 1165 1187 1224 Ilt

254 1253 315 1314 hoe
342 1253 457 1314 hebent
484 1251 579 1313 verba
599 1253 728 1330 Christi,
761 1251 820 1326 Qui
846 1251 1012 1331 perdiderit
1042 1250 1184 1310 animam

254 1353 341 1395 suern
363 1342 490 1415 propter
511 1355 570 1413 me,
591 1336 730 1395 inveniet
752 1353 829 1394 sem.
963 1373 965 1378 ·
1065 1349 1067 1354 '

231 1443 262 1462 “·
296 1458 299 1464 -
337 1418 480 1497 Proirne,
502 1415 625 1496 quando
649 1419 787 1478 Christus
809 1417 891 1493 dioit,
911 1416 1086 1496 proximum
1112 1413 1181 1474 dili-

255 1500 389 1581 gendum
412 1501 451 1561 ad
472 1503 569 1561 instar
589 1502 653 1578 sni,
687 1519 756 1561 ineo
778 1499 893 1560 iudicio
915 1499 955 1558 de
970 1515 1128 1578 perverso
1154 1503 1184 1556 et

255 1586 385 1644 inonrvo
407 1603 513 1646 amore
535 1584 678 1662 loquitur,-
701 1601 762 1663 qno
784 1583 878 1643 homo
901 1583 1020 1662 quaerit
1033 1580 1096 1641 n'on
1124 1581 1184 1638 nisi

254 1684 335 1745 quse
350 1684 406 1726 ero
427 1674 507 1745 sunt,
529 1668 581 1746 qui
601 1685 690 1726 amor
710 1684 773 1726 non
792 1663 986 1740 reptilioetnr,
1008 1665 1071 1724 nisi·
1090 1663 1183 1724 omit-

254 1756 302 1809 tet
321 1766 560 1828 quaererequae
573 1769 629 1812 sua
649 1755 729 1827 sunt,
752 1755 783 1808 ot
798 1767 844 1825 eo,
867 1747 1181 1826 quaesuntalterius,

255 1839 396 1910 quaeret.
449 1830 536 1892 Haeo
568 1833 722 1892 sententio
753 1838 800 1892 est
835 1831 869 1892 B.
901 1830 987 1890 Pauli
1004 1829 1122 1908 Philip.
1146 1831 1180 1891 2:

255 1913 325 1974 Non
347 1922 587 1992 qnaesnasunt,
609 1914 851 1988 considerantes,
874 1913 928 1974 sed
945 1912 1180 1990 quoesliorum,

254 2003 287 2055 et
301 2000 328 2058 l.
341 1996 480 2058 Corinth.
496 2000 548 2062 l3:
572 1997 691 2057 (toritas
703 2017 765 2056 non
780 1997 898 2075 quaerit
919 2013 998 2076 quse
1020 2013 1076 2054 sus
1098 2001 1180 2054 sunt.

255 2078 313 2138 His
333 2080 436 2140 verbis
458 2080 620 2140 manifeste
640 2079 783 2160 prohibet
804 2097 938 2139 amorem
956 2079 1009 2138 sni
1021 2077 1071 2156 ²³).
1103 2077 1180 2137 Ideo

254 2181 364 2222 sensus
393 2166 551 2243 praecepti
585 2182 655 2224 esse
682 2163 816 2225 videtur:
853 2162 969 2243 Diliges
1001 2162 1179 2241 proximum

254 2252 339 2305 nrum
360 2246 485 2306 sicutte
499 2248 611 2326 ipsum,
634 2246 737 2324 idest,
760 2246 868 2325 diliges
890 2252 921 2305 te
942 2244 1042 2305 solnm
1065 2251 1179 2325 otper-

256 2346 355 2389 verse.
400 2328 432 2389 Si
458 2336 562 2389 sutem
590 2348 729 2389 emorem
757 2327 908 2389 eiusmodi
938 2328 969 2386 in
984 2344 987 2348 ·
1002 2329 1178 2407 proximum

257 2417 343 2469 tuum
365 2408 530 2491 dirigeres,
563 2413 625 2472 iem
658 2429 732 2471 vere
751 2411 903 2491 diligeres.
957 2409 1052 2484 Quod·
1075 2428 1118 2470 ex
1142 2428 1178 2470 eo

256 2500 353 2572 potet,
377 2496 450 2571 quis
469 2514 533 2555 non
554 2496 713 2574 praecipit,
734 2501 768 2553 nt
789 2494 882 2554 homo
905 2492 1012 2573 diligat
1028 2512 1071 2569 se,
1094 2492 1180 2573 quod

256 2577 363 2654 utique
384 2577 518 2655 lenisset,
540 2579 566 2637 si
588 2577 687 2638 bonus
710 2584 792 2637 esset
813 2578 859 2636 sui
875 2594 970 2652 emor,
993 2575 1047 2635 sed
1061 2578 1180 2636 invenit

256 2676 396 2719 amorem
420 2661 482 2739 sni,
505 2661 620 2720 etalio
642 2661 800 2738 transfert,
823 2671 854 2719 et
873 2661 918 2719 ito
937 2658 1096 2719 rentillest.
1140 2658 1179 2717 Et

255 2742 317 2801 heu
346 2758 413 2801 rem
440 2743 577 2805 fontibus
603 2744 796 2803 lacrimarum
833 2743 1059 2823 dignissimam,
1096 2740 1179 2821 quod

255 2824 453 2886 heeemon's
482 2823 612 2887 seientia
641 2834 704 2886 torn
731 2827 818 2885 vsoui
847 2832 918 2885 eunt
947 2844 1054 2885 omnes
1081 2825 1178 2885 ferme

254 2907 404 2969 doctores
426 2909 620 2988 scholastici,
657 2916 692 2969 ut
712 2926 768 2989 pro
791 2915 898 2969 serrets
919 2909 1046 2968 osritote
1068 2907 1178 2969 foedis

255 2992 594 3072 simsmonpiditstem
622 2991 772 3068 doceant,
808 3010 868 3051 nee
904 2991 994 3051 altius
1023 2990 1178 3065 incedunt,

255 3092 348 3153 quom
370 3075 423 3135 ille
444 3093 601 3155 paganus,
632 3076 683 3153 qui
705 3075 796 3135 dixit:
824 3075 984 3135 Proximus
1011 3081 1079 3134 esto
1114 3073 1177 3150 tibi,

254 3156 338 3235 qnod
372 3164 476 3218 temen
494 3160 583 3219 ¹olins
609 3176 715 3217 rursus
751 3158 880 3239 gentilis
901 3157 1061 3219 Terentius
1095 3156 1177 3217 dom-

256 3242 351 3300 uerit,
849 3277 851 3285 ι

339 3322 416 3382 lllud
439 3323 522 3403 quod
545 3325 605 3383 ais:
631 3322 740 3383 Nullus
768 3322 901 3384 imbutus
927 3324 1026 3402 gratis
1053 3328 1085 3383 et
1107 3340 1177 3382 vere

255 3408 421 3485 poenitens
459 3406 525 3466 odit
552 3426 612 3483 se„
633 3406 755 3465 videtur
790 3406 914 3484 inferre,
954 3406 1036 3483 quod
1065 3424 1176 3466 vacuus

254 3490 353 3567 gretie
374 3489 460 3549 odiet
487 3506 537 3567 se,
567 3489 650 3586 qnod
677 3496 779 3549 tamen
808 3496 917 3550 eontra
948 3508 1056 3549 ornnes
1082 3490 1175 3568 serip-

252 3578 413 3640 turesest,
434 3573 651 3651 quae-,unque
670 3570 861 3633 detestentur
887 3591 951 3651 eos,
974 3573 1025 3651 qui
1039 3592 1074 3631 se
1093 3573 1174 3651 ipsos

259 3699 466 3721 —t-—J

330 3764 357 3825 1)
377 3764 407 3814 In
427 3764 490 3817 edit.
508 3766 583 3819 len:
603 3728 732 3826 idrietss.

331 3833 363 3901 ³)
383 3834 471 3917 Arnon
489 3840 531 3889 sui
550 3835 715 3905 prohibitus.
