2600 4300
386 349 422 405 ad
439 351 511 406 Diei.
529 351 559 407 F.
579 349 646 407 silv.
666 351 814 407 Prierlatis.
1026 343 1068 412 57

134 572 138 582 ,
224 518 273 580 Ad
301 521 587 603 quinquagesimam
621 521 751 601 primam
781 521 859 581 sicut
886 519 993 582 eadem
1021 539 1067 582 re·

154 604 240 683 petis,
260 604 306 665 ita
326 604 435 665 eadem
458 604 512 666 tibi
533 603 616 665 dicta
636 603 727 671 volo,
756 604 814 663 nisi
838 603 920 683 quod
940 623 991 664 me
1011 623 1068 685 per

154 686 263 747 talenta
283 688 370 766 loqui
389 687 476 763 dicis,
499 686 581 767 quod
602 694 736 748 munseo.

227 768 277 830 Ad
292 771 576 852 quinquagesimam
592 769 759 830 secundam
773 769 860 849 diois,
873 789 984 830 vanam
998 787 1068 831 asse

152 871 245 912 neum
267 853 517 929 conclusionem,
544 853 627 932 quod
646 855 691 913 ita
713 853 842 933 probas,
870 853 941 932 quia
966 852 1068 913 nullus

155 943 211 994 tam
233 936 344 995 stultns
365 937 413 1013 ait,
435 943 469 996 nt
491 938 536 996 sic
556 936 657 996 iaciat.

228 1018 432 1098 Respondent
455 1017 534 1094 Quid
556 1019 594 1079 ad
617 1025 668 1094 te,
691 1037 827 1098 quaeso,
850 1019 875 1077 si
897 1017 998 1078 nullus
1022 1023 1070 1078 est

152 1107 213 1175 tarn¹
228 1101 361 1162 stultus?
382 1103 449 1162 sine
469 1121 520 1162 me
541 1101 707 1183 disputare,
728 1107 762 1161 ut
783 1101 855 1179 dixi,
877 1099 928 1161 vel
949 1102 980 1160 in
995 1119 1067 1161 ven·

152 1191 218 1245 turn.
260 1183 416 1262 Numquid
444 1185 515 1245 ideo
545 1184 715 1245 decretales
741 1203 842 1265 papae
870 1191 941 1244 sunt
969 1201 1069 1244 vancc

153 1265 187 1325 de
207 1266 407 1328 abusionibus
438 1273 649 1346 quaestorum,
682 1267 752 1345 qnia
785 1273 817 1326 tu
839 1266 954 1326 nullum
978 1285 1069 1345 quae·

153 1355 263 1408 storum
286 1357 396 1411 contra
417 1352 519 1431 egisse
541 1350 702 1412 defendis?
730 1349 791 1411 Sed
813 1367 888 1430 prae
911 1355 1069 1410 senectute

152 1431 225 1492 forte
247 1433 292 1491 ita
312 1439 345 1492 et
364 1433 500 1512 loqueris
528 1441 560 1494 et
581 1433 795 1514 phantasiaris.
839 1431 870 1493 Si
887 1432 989 1491 nullus
1011 1437 1068 1510 ast,

152 1516 198 1592 qui
221 1516 266 1577 sic
289 1514 417 1577 confidit
437 1518 468 1576 in
490 1517 611 1594 literas,
632 1515 749 1576 nullum
773 1515 875 1595 deligi.
918 1513 993 1589 an,
1018 1515 1068 1594 qui

153 1604 227 1673 sunt,
249 1598 334 1658 volui
355 1605 494 1680 tangere,
517 1617 594 1679 quos
617 1617 677 1680 ego
699 1617 761 1658 non
776 1616 879 1677 unum,
901 1597 956 1658 scd
978 1598 1068 1678 pluri·

151 1679 214 1740 mos
235 1682 328 1760 novi,
356 1689 387 1741 et
408 1681 487 1742 adeo
510 1683 636 1753 stultos,
667 1687 700 1740 ut
726 1699 788 1741 non
824 1679 923 1741 solum
947 1679 986 1740 de
1007 1681 1070 1740 ani·

152 1783 261 1823 marum
283 1763 507 1844 redemptione,
530 1765 585 1824 sed
601 1764 641 1824 de
664 1783 719 1824 sua
732 1781 855 1842 quoque
875 1763 973 1824 salute
995 1763 1069 1823 certi

152 1846 203 1905 sibi
224 1853 338 1924 essent,
361 1848 433 1926 quia
453 1848 508 1907 has
530 1849 635 1908 literas
658 1846 814 1907 haberent.

227 1929 361 2006 Deinde,
382 1947 437 1990 cnr
457 1932 517 1990 tuis
538 1929 692 1990 clientulis
705 1948 767 1990 non
785 1929 877 1989 etiam
891 1927 1068 2008 persuades,

152 2017 180 2070 nt
211 2013 346 2071 animam
385 2031 470 2073 auam
498 2014 704 2094 impignerent
736 2031 792 2091 pro
823 2012 1008 2071 contritione
1038 2017 1069 2070 et

152 2094 377 2156 satisfactione?
400 2095 528 2171 Quoties
550 2095 614 2168 tibi,
636 2113 724 2175 rogo,
745 2093 908 2155 dicendum
931 2100 993 2172 eat,
1014 2094 1068 2153 im-

151 2178 224 2256 pium
247 2184 279 2237 et
301 2180 450 2238 avaritiae
471 2181 671 2239 ministerium
695 2197 773 2253 esse,
797 2177 878 2257 quod
893 2196 950 2257 pro
970 2177 1068 2237 veniis

151 2268 205 2319 tam
227 2263 392 2339 exquisite,
413 2269 475 2321 tam
497 2261 661 2344 magnifice
684 2262 789 2322 omnia
802 2259 1009 2335 tentantur1),
1031 2276 1068 2319 ac

153 2342 279 2403 sisolae
303 2350 409 2404 essent
429 2364 547 2421 rerum,
584 2350 615 2405 et
641 2363 697 2423 pro
723 2344 904 2404 necessariis
930 2342 969 2402 ad
991 2343 1069 2401 salu-

152 2431 206 2485 tem
226 2444 356 2505 prorsus
384 2428 436 2486 vix
464 2427 609 2487 mutitur?
643 2426 689 2485 Tu
717 2427 837 2506 cogita,
867 2444 905 2485 an
936 2425 1067 2505 simplex

151 2508 276 2588 populus
301 2528 364 2568 non
387 2509 485 2569 discat
506 2509 664 2572 confidere
690 2511 720 2568 in
743 2509 863 2586 literas,
886 2513 972 2568 tanto
994 2506 1068 2567 luxu

152 2598 177 2649 et
195 2599 347 2670 apparatu
369 2592 622 2653 commendatas?
648 2592 699 2651 Ma
723 2610 794 2651 num
823 2592 903 2651 enim
931 2591 1070 2671 cogitent

151 2691 272 2733 necesse
297 2681 362 2754 est,
389 2675 473 2754 quod
500 2681 563 2735 tam
592 2612 756 2755 magnifica
778 2675 968 2754 proponitur.
1011 2672 1067 2750 Tu,

152 2757 194 2834 qui
214 2756 338 2816 interim
361 2756 471 2818 doctus
495 2776 527 2817 es
550 2776 612 2817 non
626 2755 782 2817 fidendum
805 2758 835 2816 in
856 2756 971 2834 literas,
993 2772 1068 2815 mox

152 2838 238 2897 etiam
260 2839 432 2919 simplicem
455 2840 602 2921 populum
626 2839 734 2900 eadem
755 2858 811 2920 per
832 2858 866 2899 se
887 2839 986 2918 ipsum
1009 2838 1068 2898 dis-

152 2939 271 2981 cernere
293 2929 326 2982 et
345 2922 519 3003 intelligere
540 2921 689 3000 contidis,
721 2929 828 2983 contra
850 2928 897 2982 tot
918 2928 949 2981 et
970 2928 1069 2981 tanto·

153 3023 210 3062 rum
231 3006 450 3085 persuasiones
472 3012 504 3065 et
523 3004 702 3066 irritsbula?

226 3085 409 3163 Tandem)
437 3089 512 3148 mihi
541 3089 665 3148 minaris
696 3086 873 3164 maledicta,
903 3086 1067 3164 irrisiones,

156 3187 300 3229 censuras.
344 3169 450 3245 Quas?
476 3178 508 3231 et
529 3171 645 3250 quare?
672 3172 737 3232 noli
759 3170 883 3243 minari,
905 3170 946 3228 mi
968 3169 1067 3246 Pater,

157 3250 285 3311 Christus
306 3254 397 3332 vivit,
427 3272 490 3314 non
513 3254 611 3314 solum
633 3254 724 3329 vivit,
755 3252 808 3313 sed
836 3252 927 3312 stiam
949 3257 1068 3331 regnat,

159 3351 214 3393 non
237 3334 335 3395 solum
356 3337 387 3395 in
410 3336 510 3399 coelo.
533 3336 588 3397 sed
610 3338 712 3411 etiam=
724 3337 755 3396 in
776 3336 886 3402 Roma,
909 3342 1067 3413 quantum·

160 3414 226 3475 libet
243 3417 310 3497 ipsa
329 3418 430 3479 furiat.
474 3418 507 3480 si
533 3418 700 3479 maledicar
727 3436 783 3499 pro
806 3418 949 3491 veritate,
975 3414 1067 3476 bens-

164 3496 249 3558 dicam
271 3500 445 3563 Dominum.
476 3502 547 3563 Non
570 3501 726 3583 separabit
748 3520 797 3561 me
819 3518 949 3560 censura
970 3499 1066 3559 eccle-

165 3581 218 3640 siae
237 3582 273 3642 ab
299 3584 447 3661 ecclesia,
484 3586 510 3644 si
546 3585 654 3664 iungat
685 3602 734 3645 me
762 3584 874 3644 veritas
905 3580 1065 3644 ecclesiae.

158 3880 163 3890 .
227 3842 254 3909 1)
274 3842 303 3895 In
322 3842 365 3896 ed.
383 3842 459 3897 len:
480 3846 624 3896 testantur.
660 3842 694 3910 2)
716 3841 798 3897 ibid:
819 3841 947 3895 Tantum,

1195 3676 1198 3741 1
