2600 4300
283 383 638 457 Repraesentemus.
660 387 800 443 sdan.
837 387 916 444 suth.
1021 383 1063 456 69

146 574 190 617 me
211 553 339 633 dedisti,
362 560 461 622 totum
484 557 699 637 contulissem,
733 575 812 638 quae
840 559 871 618 in
898 577 948 620 ms
968 562 1005 620 'et
1031 559 1062 620 in

146 656 210 699 mea
231 637 315 700 dicta
347 638 409 700 tela
440 639 598 722 adegeris,
628 647 659 704 et
688 648 802 721 quante
828 640 959 704 latenter
988 647 1062 719 arte,

145 726 258 782 nutum
282 741 350 782 sum
371 723 518 803 miratus,
540 730 573 785 ut
600 724 631 783 in
661 743 710 784 me
738 724 855 805 expleri
884 725 1062 786 miraculum

144 811 292 883 nequeat,
329 804 408 866 adeo
443 812 492 884 ut,
529 826 598 868 cum
631 808 715 868 omni
746 808 787 867 sis
819 814 884 868 arte
907 814 938 869 et
958 807 1063 870 colore

144 886 270 947 rhetoris
292 905 386 963 usus,
407 889 507 968 ipsam
529 909 654 970 quoque
675 897 770 952 artem
793 889 852 951 hac
873 898 938 951 arte
960 891 1063 952 celare
1104 911 1108 920 ·

145 970 343 1050 volneris,.nt
364 977 395 1030 te
418 979 570 1034 astrueres
590 973 674 1034 nolle
695 973 725 1033 in
741 972 897 1053 loquendo
920 973 995 1034 meis
1018 993 1062 1034 ar·

143 1052 218 1113 tibus
240 1053 303 1132 uti,
327 1071 396 1113 cum
419 1072 545 1134 posses,
576 1057 640 1116 imo
662 1055 827 1135 aliquando
849 1075 899 1116 me
920 1054 1063 1118 effinxisti

145 1137 254 1216 inepte,
277 1155 318 1197 ne
335 1136 487 1216 perfectus
511 1137 600 1200 detor
620 1137 726 1200 heberi
748 1157 866 1218 posses.

200 1217 264 1280 Sed
280 1220 376 1279 missa
389 1219 450 1280 sint
461 1221 620 1300 eiusmodi,
634 1221 770 1283 dicamus
783 1241 867 1299 vero,
885 1221 977 1302 quod,
993 1239 1063 1282 curn

145 1300 222 1362 dicta
243 1321 317 1362 mea
337 1309 492 1383 utcunque
522 1303 724 1366 momorderis
754 1310 786 1366 et
815 1305 1000 1386 pupugeris,
1031 1305 1062 1366 in

145 1403 189 1444 me
210 1389 319 1446 tamen
342 1387 445 1446 omnio
466 1405 548 1468 pene
568 1394 621 1449 tua
641 1388 705 1449 tela
728 1388 905 1465 coniurant,
934 1405 984 1448 me
1010 1407 1063 1470 pc-

145 1473 215 1546 tnnt,
244 1474 278 1528 et
299 1467 421 1546 quidem
449 1475 673 1552 contorquente
699 1489 763 1532 non
792 1469 967 1551 theologis,
1000 1487 1063 1532 non

144 1549 356 1631 philosophia,
384 1551 439 1612 sed
465 1554 640 1634 praepolita
661 1561 693 1615 et
712 1554 831 1614 astutiis
853 1560 978 1614 assueta
997 1552 1063 1615 rhe-

144 1632 248 1712 torica,
271 1651 352 1713 quae
372 1634 469 1696 verba
489 1635 635 1716 multum,
657 1637 818 1698 veritatem
839 1655 945 1716 pamm
968 1641 1063 1712 currat,
1126 1671 1132 1686 ι

145 1714 235 1776 modo
257 1716 426 1796 populares
447 1735 538 1781 aures
559 1719 706 1783 inflectat.
747 1718 795 1780 Ee
820 1725 960 1800 propter,
994 1737 1064 1780 cum

144 1797 234 1880 louge
264 1798 355 1879 plura
383 1800 416 1862 in
446 1819 515 1879 me,
547 1821 639 1882 quam
668 1803 700 1862 in
732 1821 802 1863 mea
831 1801 914 1864 dicta
946 1801 1065 1882 spicula

145 1881 267 1957 ieceris,
289 1901 374 1943 nunc
396 1901 451 1959 ea,
474 1886 604 1963 quaein
625 1905 692 1964 me,
718 1884 899 1966 propediem
920 1901 994 1946 vero
1016 1903 1064 1962 ea,

147 1981 221 2042 quae
252 1965 285 2024 in
314 1983 384 2026 mea
414 1964 497 2028 dicte
526 1967 629 2028 iacula
661 1967 786 2028 vibrasti
818 1971 850 2028 et
877 1967 1064 2044 conteruisti,

146 2047 280 2108 veritatis
310 2048 478 2109 munimine
496 2067 565 2110 'ceu
594 2056 681 2112 scuto
714 2056 812 2111 tectus
839 2050 990 2129 reiiciam,
1024 2069 1062 2113 eo

147 2129 191 2191 vel
213 2130 360 2210 maxime,
383 2131 466 2211 quod
487 2132 687 2195 vehementer
708 2138 853 2213 exoptem
875 2129 1064 2214 speculatiie

146 2211 295 2274 duntaxat
315 2219 416 2275 tecum
437 2234 540 2296 agere.
582 2216 674 2293 Quod
697 2216 840 2297 equidem
862 2234 935 2278 mox
957 2234 1064 2297 aggre-

147 2295 221 2375 diar,
254 2315 349 2377 quarn
376 2298 506 2378 primum
536 2300 655 2361 scilicet
683 2320 722 2361 ex
743 2299 971 2361 commentariis
993 2298 1063 2379 illis,

145 2378 303 2459 inquibus
324 2398 376 2440 me
397 2380 597 2461 submersisti,
622 2400 789 2446 emersero.

220 2461 269 2522 lta
290 2480 364 2523 vero
393 2466 524 2543 optarim
554 2466 633 2526 haec
666 2484 735 2526 mea
764 2464 847 2525 dicta
878 2464 998 2545 capias,
1032 2470 1065 2525 ut

146 2563 202 2605 non
228 2546 261 2604 in
283 2546 390 2625 spirita
416 2546 593 2627 superbiae,
621 2548 674 2609 vel
701 2546 894 2625 iracundiae,
927 2546 982 2608 sed
1012 2566 1065 2607 ex·

147 2627 308 2688 cusationis
337 2629 441 2707 potins
469 2629 565 2711 edita,
606 2637 638 2691 et
667 2630 846 2711 plerumque
881 2630 973 2691 etiam
1002 2630 1065 2691 ioci

150 2711 262 2791 gratia,
284 2709 373 2770 salva
395 2728 517 2792 semper
538 2714 693 2775 eminente
714 2714 862 2774 scientiae
883 2710 994 2773 Christi
1016 2728 1065 2776 ca-

148 2793 239 2871 ritate,
261 2812 342 2873 quae
363 2794 430 2854 visa
451 2801 504 2855 tua
524 2796 564 2857 ad
585 2794 764 2877 pontificem
787 2795 967 2872 humilitate,
989 2796 1063 2857 item

149 2880 176 2935 et
195 2875 393 2938 observantia
415 2875 528 2959 (modo
550 2898 614 2940 non
625 2878 743 2959 tinges)
769 2896 867 2959 nuper
888 2879 919 2938 in
942 2885 972 2940 te
993 2896 1064 2939 mea

149 2976 182 3017 ex
210 2966 314 3020 mente
341 2958 512 3039 pullulavit.
562 2963 639 3025 Cum
672 2962 751 3022 enim
783 2978 884 3023 meum
913 2961 994 3022 velle
1023 2960 1065 3021 sit

148 3040 293 3119 pontificis
318 3043 370 3121 (ut
390 3062 446 3123 par
467 3049 551 3124 eet),
578 3046 604 3106 si
625 3043 765 3125 pontiflci
788 3046 946 3111 consentis
969 3050 1062 3125 etque

150 3124 364 3201 communicas,
402 3124 508 3187 itidem
542 3134 643 3188 tecum
681 3127 809 3205 faciam,
845 3144 974 3189 necesse
1006 3133 1062 3201 est,

150 3222 325 3285 quamquam
346 3207 483 3269 theorice
511 3208 625 3271 bellum
658 3211 768 3293 ingens
799 3208 905 3287 salva,
935 3214 970 3270 ut
990 3208 1064 3285 dixi,

150 3290 267 3349 caritate
298 3288 373 3349 mihi
402 3298 503 3352 tecum
544 3294 593 3354 sit
644 3292 740 3375 Igitur
776 3298 810 3353 ut
840 3290 1063 3373 praetermissis

152 3370 278 3432 exordiis
299 3390 334 3433 re
355 3372 424 3453 ipsa
446 3374 599 3438 exordior.

222 3454 256 3515 ln
276 3456 384 3535 primis
405 3474 455 3516 me
479 3458 623 3538 taxebm,
647 3458 730 3538 quod
753 3464 858 3521 noster
879 3455 917 3517 ad
940 3462 970 3517 te
995 3455 1058 3518 dia·

151 3534 231 3617 logus
252 3537 470 3617 superciliosus
494 3542 548 3620 sit,
570 3547 602 3601 et
622 3548 753 3602 mactatu
776 3548 830 3603 tuo
855 3538 977 3621 prolixo
1003 3542 1063 3618 (ne

152 3620 203 3679 tuis
222 3618 322 3681 verbis
338 3640 410 3681 usus
424 3621 534 3705 dicam,
555 3624 793 3697 verbosissime)
818 3642 901 3705 pene
916 3623 1065 3683 continue

152 3700 180 3759 in
198 3722 244 3763 me
263 3703 418 3785 impingis,
439 3706 522 3785 quod
544 3706 598 3768 bili
619 3714 651 3767 et
672 3706 820 3769 effrenata
836 3705 1065 3767 cholerautiec·

153 3788 195 3843 tus
214 3779 438 3853 excanduerim.
480 3788 571 3865 Quod
593 3808 686 3871 quam
707 3792 788 3852 iuste
819 3795 850 3853 et
885 3789 996 3850 merito
1032 3784 1066 3849 id

154 3884 248 3955 agas,
262 3886 303 3931 ax
321 3868 370 3931 his
390 3872 498 3954 paucis
520 3873 638 3955 accipe.
680 3872 749 3955 Ego
772 3872 854 3935 enim
876 3888 1063 3953 quemquern
