2600 4300
1062 292 1073 323 Ι

240 361 302 429 308
410 390 415 400 ·
467 364 510 418 De
531 365 632 417 virtute
649 362 943 418 excommunicationis
1010 362 1012 370 '

242 534 356 597 Paulus
381 539 416 597 1..
432 532 570 595 Corinth.
593 536 622 597 5.
645 531 771 595 scribit:
799 532 840 595 Ut
858 552 922 594 non
945 530 1158 592 commiscean-

241 626 299 697 tur,
321 636 380 677 nec
401 617 502 679 <cibum
523 620 646 676 eumont
667 635 736 677 cnm
758 634 813 697 eo,
847 617 898 695 qui
913 616 1096 677 nominetur
1114 613 1158 671 in·

241 708 364 763 tereos
386 700 574 779 fornicator,
597 698 783 777 maledicus,
806 697 962 781 ebrinus,
985 714 1085 779 repax
1105 703 1160 757 etc.

242 791 274 846 et
289 786 326 849 ⁴2.
347 782 499 848 Theca&
530 782 564 844 ci
585 784 653 862 quic
668 802 731 843 non
753 782 904 845 obedierit
924 780 1022 843 verbo
1046 784 1159 854 noetm,

240 886 297 949 per
317 868 480 961 epistolam
501 866 582 925 hanc
606 873 731 943 notate,
765 873 797 927 et
817 885 880 927 non
903 863 1163 926 commisceamini

242 970 312 1011 cum
332 950 398 1025 illo,
418 957 451 1010 ut
472 947 685 1010 confundatur.
708 949 864 1029 Sequitur:
897 948 938 1009 Et
958 948 1060 1008 nolite
1081 946 1163 1025 quani

241 1034 396 1094 inimicum
418 1033 604 1108 existimare,
625 1032 681 1092 ced
703 1033 847 1112 corripite
868 1039 902 1091 ut
921 1032 1059 1091 iretrem.
1082 1026 1164 1089 Haec

243 1118 352 1177 cinon
370 1115 410 1176 de
431 1116 753 1177 excommunicatione
774 1121 912 1194 externe,
934 1114 1023 1175 selva
1044 1114 1164 1173 interna

243 1200 477 1277 communione,
499 1197 690 1277 dictasunt,
712 1199 811 1259 leteor
832 1218 882 1258 me
905 1216 967 1258 non
990 1195 1164 1275 intelligere

243 1282 418 1362 apostolum
440 1282 577 1342 Paulum.
619 1280 661 1341 Et
681 1282 817 1341 Joannee
855 1274 989 1361 epistola
1011 1277 1165 1340 secunda:

243 1366 275 1427 Si
297 1367 365 1443 quia
386 1367 471 1426 veuit
491 1364 531 1424 ed
543 1384 611 1441 vce,
636 1370 667 1424 et
687 1384 750 1425 non
773 1364 863 1425 affert
881 1364 1056 1425 doctrinam
1076 1361 1166 1438 hanc,

243 1448 340 1509 nolite
362 1449 484 1508 eumin
506 1447 631 1508 domum
653 1448 809 1527 recipere,
833 1466 892 1507 nee
912 1446 981 1507 Ave
997 1443 1033 1507 ei
1057 1444 1166 1505 dixeri·

244 1532 298 1610 tia,
320 1531 371 1611 qui
394 1532 474 1591 enim
495 1529 570 1594 dicit
589 1530 634 1593 illi
653 1530 732 1609 Ave,
755 1526 1166 1610 communicaturopenbm

244 1617 309 1675 eine
331 1613 482 1694 malignis.
540 1640 545 1648 ·
678 1618 681 1623 '
889 1656 891 1665 .
959 1680 965 1693 ,
1101 1674 1110 1685 α

324 1696 470 1776 Tertium,
491 1696 751 1757 excommunicari
774 1716 837 1773 non
861 1703 909 1756 est
929 1696 1067 1756 enima'm
1091 1692 1166 1766 tredi

244 1779 379 1858 diabolo,
401 1798 501 1859 neque
522 1780 635 1859 privari
657 1778 747 1840 bonis
760 1778 921 1858 ecclesiae,
939 1776 1166 1839 communibus·

245 1883 304 1943 que
340 1861 529 1923 cretionibus
556 1861 705 1925 eiusdem.
747 1862 816 1923 Hoc
847 1880 888 1921 ex
917 1860 1005 1923 dictis
1043 1858 1165 1921 abunde

244 1952 338 2027 petet,
360 1947 597 2025 qnia'menente
617 1945 689 2024 fide,
707 1964 762 2025 spe
774 1952 805 2005 et
827 1946 953 2005 caritate
975 1949 1085 2007 manet
1096 1960 1166 2002 vera

245 2030 420 2091 communio
458 2036 491 2089 et
521 2029 715 2109 participatio
732 2098 738 2111 ι
753 2028 889 2089 omnium
929 2028 1085 2089 bonorum
1122 2043 1165 2086 ec

243 2113 366 2174 clerice.
954 2163 956 2168 .

255 2193 259 2203 “
330 2194 502 2273 Quartum,
512 2195 805 2272 excommunicatio,
826 2195 851 2254 ci
872 2195 953 2254 insta
974 2199 1031 2273 cst,
1054 2190 1167 2273 signifi·

246 2285 296 2340 cet
316 2279 418 2359 potine
441 2279 572 2337 animam
597 2296 665 2337 esne
688 2277 813 2338 diabolo
836 2277 979 2340 traditam
1013 2282 1045 2336 et
1070 2275 1167 2335 eccle-

246 2365 310 2424 ciae
337 2362 554 2423 communione
582 2361 731 2440 spiritnnli
760 2361 931 2441 privatam,
971 2361 1046 2438 quia
1074 2357 1167 2418 fertur

247 2465 441 2527 supereum,
469 2446 520 2524 qui
547 2451 676 2524 peccato
699 2444 822 2504 mortali
850 2463 884 2504 se
908 2444 1012 2524 iprum
1034 2441 1167 2522 privavit

247 2530 465 2590 communione
484 2528 628 2605 caritatis,
652 2532 683 2588 et
704 2526 910 2587 diaholoeeae
931 2525 1066 2603 tradidit,
1089 2526 1167 2584 sicut

247 2599 375 2674 econt‘ra
396 2611 606 2673 reconciliatio
629 2617 852 2670 recrementum
886 2613 933 2669 est
954 2613 1166 2668 etenternum

248 2697 367 2778 siguum
402 2695 554 2756 interioria
586 2693 847 2756 reconciliationis
875 2699 909 2752 et
922 2691 1182 2753 ,communionieu

247 2779 321 2840 Ideo
344 2797 448 2838 verum
470 2785 527 2856 eet,
548 2775 638 2856 quod.
653 2775 933 2838 excommunicatio
955 2773 1168 2835 ecclesiastice

248 2881 311 2977 nop
332 2861 431 2938 insert,
455 2859 509 2920 sed
530 2860 760 2940 praesupponit,
784 2859 916 2938 aliquem
929 2877 998 2918 eece
1018 2859 1050 2918 in
1069 2863 1168 2918 morte

249 2953 280 3007 et
299 2951 445 3025 peccato,
471 2942 507 3023 id
524 2949 589 3022 eat,
610 2961 684 3002 uere
706 2941 1005 3004 excommunicatum
1028 2941 1167 3021 spiritua

247 3029 325 3090 liter.
367 3042 373 3051 ‘
760 3063 761 3068 κ
834 3060 838 3068 .
888 3031 891 3038 '
933 3075 935 3082 Α
999 3059 1001 3064 ,

262 3152 287 3166 -1
332 3110 500 3189 Quintum,
527 3109 806 3170 excommunicatio
828 3089 883 3168 ‘nic
915 3111 962 3167 est
988 3105 1166 3186 temporetis

250 3203 283 3257 et
299 3193 477 3274 corporalis,
496 3198 530 3251 ut
555 3198 658 3252 tamen
680 3191 851 3268 ordinetur,
880 3209 942 3251 non
964 3195 1091 3268 coum,
1109 3187 1166 3248 ¹ced

249 3297 305 3360 pro
327 3276 545 3338 communione
566 3276 727 3354 interiore,
756 3273 807 3334 vel
827 3271 1019 3353 repmundc,
1042 3273 1068 3332 ni
1089 3273 1165 3331 iuste

249 3361 313 3422 lata
333 3361 442 3438 inerit,
463 3357 516 3418 vel
536 3359 698 3439 augenda,
720 3359 747 3418 ai
767 3358 880 3418 iniusta
899 3356 999 3416 merit.
1074 3385 1077 3392 ·

332 3443 482 3504 Probatur
499 3440 565 3501 hoc
582 3461 639 3521 per
654 3439 829 3520 epce'tclum
842 3441 873 3503 2.
886 3438 1024 3500 Corintha
1043 3436 1164 3497 ultimo:

251 3525 351 3604 Agam
372 3522 766 3604 secundum-poteetatem,
782 3541 889 3602 ,quam
912 3521 996 3584 dedit
1017 3519 1164 3581 Dominus

253 3605 327 3664 mihi
347 3625 412 3666 non
421 3607 453 3665 in
475 3605 725 3684 destructionem,
747 3604 804 3666 sed
824 3603 1080 3666 aedificationem
1099 3601 1166 3661 Hoc

254 3693 337 3745 certe
357 3687 509 3766 intelligo,
531 3687 700 3766 qnodlnon
722 3688 821 3767 poenit
834 3686 1010 3765 destruere,
1024 3684 1080 3746 ced
1101 3690 1162 3744 tan-

243 3767 408 3828 tummodo
431 3767 592 3855 aedificare
625 3789 682 3850 per
703 3769 945 3830 ecclesiasticum
971 3773 1162 3850 potestatem.

253 3844 331 3904 Nam
353 3855 384 3908 et
403 3848 488 3910 illum
508 3850 705 3914 fornicarium
726 3855 756 3938 Ι1.
771 3851 908 3916 Corinth.
924 3856 956 3919 ὅ.
977 3852 1032 3912 sic
1045 3869 1161 3912 excom·

493 3995 522 4028 ι.
