2600 4300
378 345 414 401 sd
432 345 506 402 mul.
526 347 554 402 F.
573 345 640 402 Silv.
660 347 811 403 mansur.
998 424 1004 443 υ
1026 343 1046 409 b

214 499 720 598 Ad'quadragesimam‘quintam
748 519 858 579 iterum
892 513 1067 598 distinguis,

139 605 168 659 ut
188 598 298 660 videris
320 599 385 678 tibi,
407 599 609 661 sufficientius
639 601 724 662 bona
745 599 936 681 temporalis
957 617 1068 663 nsces-

140 683 222 761 saria,
245 687 277 743 et
298 682 423 744 tandem
446 701 515 744 cum
537 681 704 744 'I'homistis
725 685 839 744 nostris
861 683 1068 744 consentiens
1092 687 1097 698 ’

140 765 224 825 dicis:
256 764 442 826 Necessaria
476 766 612 827 secundo
640 765 735 829 modo
764 765 867 827 danda
897 783 954 846 pro
984 765 1067 828 elec·

142 848 283 928 mosynis,
309 848 365 910 sed
386 848 486 910 solnm
508 849 539 908 in
562 855 701 910 extrem
722 849 917 910 necessitate.

214 964 325 1046 Rogo,
372 968 501 1047 ignosce
533 967 625 1045 mrhi,
657 964 827 1026 reverende
856 963 961 1040 Pater,
996 984 1068 1027 uror

140 1047 213 1108 enim
235 1049 345 1127 nimis,
376 1049 458 1127 quod
481 1056 600 1110 textum
622 1047 755 1128 apostoli
778 1047 929 1109 Johannis
952 1048 991 1108 de
1013 1066 1065 1108 ne·

140 1131 279 1191 cessitate
301 1130 505 1211 perditissime
533 1131 628 1191 trahis
658 1131 697 1191 ad
729 1131 945 1192 necessitatem
968 1135 1065 1192 extre·

138 1233 225 1273 mam.
280 1212 357 1288 Quis
390 1214 475 1275 dedit
511 1215 567 1276 tibi
600 1218 804 1294 potestatem,
847 1213 1065 1274 necessitatem

138 1295 217 1356 illum
233 1302 406 1358 extremam
420 1297 546 1362 faeere?
569 1296 620 1358 Sic
636 1296 787 1372 diabolus,
809 1293 1064 1358 insidiosissimus

138 1379 250 1456 bostis,
281 1380 374 1439 etiam
399 1399 503 1440 sacras
529 1379 635 1440 literas
666 1378 755 1440 nobis
779 1377 881 1438 illudit
902 1383 933 1438 et
953 1377 1063 1459 perdit.

137 1461 194 1522 Det
220 1461 375 1523 Dominus
405 1463 496 1525 Jesus
525 1461 679 1540 Christus,
713 1468 747 1522 ut
774 1460 875 1520 nullus
905 1460 1064 1522 hominum

138 1544 186 1605 tibi
208 1550 241 1605 et
264 1545 426 1624 omnibus,
456 1546 508 1625 qui
527 1545 609 1605 hanc
630 1544 766 1625 glossam
788 1549 911 1620 tenent,
942 1543 1064 1624 tribuat,

138 1627 191 1687 nisi
214 1625 289 1687 dum
310 1630 514 1708 perveneritis
535 1627 575 1688 ad
598 1634 767 1688 extremam
781 1627 1009 1704 necessitatem,
1031 1631 1065 1688 ut

138 1709 269 1789 discatis,
291 1711 472 1790 scripturam
495 1716 633 1772 sanctam
654 1710 862 1790 incorruptam
878 1708 1063 1788 relinquere,

138 1793 183 1853 vel
204 1793 354 1874 penuria..
390 1795 480 1854 lstam
502 1793 660 1854 libidinem
695 1799 726 1852 et
753 1792 904 1852 luxuriam
927 1811 1061 1854 corrum-

138 1875 255 1955 pendae
270 1877 449 1955 'scrIpturae
470 1878 531 1937 iam
553 1875 648 1936 ferme
670 1875 814 1935 trecentis
837 1875 925 1934 annis
948 1875 1063 1955 patitur

138 1958 268 2019 ecclesia
303 1959 538 2039 incomparabili
580 1957 693 2020 damno
732 1976 788 2017 suo
826 1976 845 2016 a
881 1956 1061 2020 doctoribus

139 2040 341 2103 scholasticis.

215 2145 374 2225 Secundo,
395 2145 627 2224 conclusionem
651 2164 752 2207 meam
774 2164 878 2210 veram
900 2143 1061 2226 relinquis,

138 2249 238 2291 rerum
258 2248 331 2306 ¹non
365 2230 450 2309 capis
480 2230 563 2309 quod
598 2229 693 2291 volui.
744 2227 790 2289 Tu
824 2229 856 2289 in
885 2227 947 2289 hoo
977 2234 1061 2291 recte

139 2313 230 2392 sapis,
254 2311 341 2391 quod
363 2314 540 2373 necessaris
560 2311 697 2373 secundo
715 2310 809 2373 modo
839 2316 943 2391 potest
963 2310 1057 2373 homo

139 2414 189 2474 pro
208 2395 309 2455 veniis
332 2393 426 2473 dare,
454 2394 538 2473 quod
564 2395 710 2473 admitto,
741 2392 795 2455 sed
817 2393 914 2455 nostri
934 2394 1062 2457 venales

139 2476 368 2622 praeponesdds
389 2478 578 2574 necessariis·
600 2478 699 2619 prinpio
728 2475 822 2537 modo
850 2474 982 2571 suadent
1007 2476 1063 2621 boi

139 2580 205 2621 nrm
227 2580 264 2621 us
320 2579 374 2621 are
427 2578 462 2620 ro
497 2579 605 2621 venus.
688 2578 774 2620 orum
808 2577 890 2619 emm
927 2576 990 2619 vox
1031 2578 1048 2619 e

139 2642 239 2703 literae
263 2580 426 2723 (exempli)
442 2644 560 2722 gratia)
584 2648 655 2704 sunt
675 2642 743 2702 hae.
778 2641 810 2703 Si
822 2640 952 2703 haberes
968 2660 1060 2703 unam

140 2726 277 2805 tunicam,
300 2725 439 2787 vendere
459 2724 600 2800 deberes,
620 2731 656 2785 ut
675 2725 782 2785 venias
795 2722 972 2785 redimeres.
995 2724 1062 2786 Nec

139 2807 195 2869 hoc
220 2809 362 2871 contenti
390 2807 536 2886 suadem,
569 2808 621 2869 ubi
650 2808 719 2887 quis
750 2807 925 2869 necessaria
960 2808 1060 2888 primo

141 2890 226 2952 modo
247 2910 314 2952 non
335 2890 486 2969 habuerit,
508 2897 572 2952 tum
594 2890 737 2953 alicunde
758 2894 885 2967 mutuet,
903 2894 956 2950 aut
976 2909 1061 2953 men·

142 2972 224 3052 dicet,
246 2975 369 3035 etiamsi
392 2974 432 3034 sit
453 2992 539 3045 uxor.
570 2971 691 3035 Deinde
703 2973 825 3033 Fratres
849 2971 1066 3035 mendicantes.

142 3075 257 3135 quoque
279 3056 424 3134 suadent,
444 3063 478 3117 ut
498 3056 743 3119 corradantsine
758 3055 883 3119 lieentia
902 3056 1060 3136 pecunias.

141 3138 219 3201 Haeo
241 3145 324 3219 sunt,
346 3140 389 3201 mi
411 3139 512 3218 Pater,
533 3140 588 3201 illa
607 3144 767 3220 portenta,
796 3156 876 3218 quse
897 3137 980 3219 apud
1001 3156 1059 3199 nos

142 3228 329 3301 grassamur,
361 3221 436 3283 nihil
471 3223 530 3283 nisi
557 3220 842 3303 impudentissimae
870 3226 902 3283 et
927 3220 1059 3302 rapacis-

144 3304 232 3365 simae
252 3305 402 3367 avaritiae
424 3306 584 3386 negotium
604 3304 655 3365 hic
677 3305 793 3385 agitur,
822 3304 854 3365 in
876 3309 994 3366 tantum
1016 3302 1060 3365 lu·

143 3386 264 3447 dibrium
302 3387 456 3449 ecclesiae
493 3388 670 3467 Romanae,
702 3394 736 3449 ut
766 3386 845 3447 haec
877 3384 946 3449 sola
976 3392 1060 3447 esset

144 3488 231 3531 causa
250 3468 374 3531 abunde
396 3471 481 3549 satis,
503 3476 538 3532 ut
558 3472 721 3532 universae
742 3470 852 3531 veniae
868 3468 1059 3546 tollerentur,

144 3571 198 3614 nec
220 3572 270 3615 me
295 3552 376 3613 falsa
401 3553 505 3615 dicere
538 3552 662 3631 credas,
692 3572 756 3614 non
793 3556 910 3613 tantum
937 3570 1001 3613 vox
1028 3558 1060 3613 et

144 3634 220 3695 fama
239 3641 356 3713 exstat,
392 3635 447 3697 sed
474 3642 506 3697 et
531 3636 600 3697 libri
628 3655 753 3715 eorum,
784 3635 815 3695 in
850 3633 959 3714 quibus
980 3634 1059 3696 haec

146 3718 252 3796 passim
272 3718 427 3800 leguntur.

221 3823 333 3906 Tertio,
355 3824 461 3887 omnia
474 3842 554 3905 quae
568 3824 684 3886 suades
706 3827 738 3883 et
751 3821 837 3903 diois,
860 3840 899 3883 ea
911 3822 1058 3904 opinions
