<?xml version="1.0" encoding="UTF-8"?>
<!DOCTYPE html PUBLIC "-//W3C//DTD XHTML 1.0 Transitional//EN"
    "http://www.w3.org/TR/xhtml1/DTD/xhtml1-transitional.dtd">
<html xmlns="http://www.w3.org/1999/xhtml" xml:lang="en" lang="en">
 <head>
  <title>
</title>
<meta http-equiv="Content-Type" content="text/html;charset=utf-8" />
  <meta name='ocr-system' content='tesseract 3.04.00' />
  <meta name='ocr-capabilities' content='ocr_page ocr_carea ocr_par ocr_line ocrx_word'/>
</head>
<body>
  <div class='ocr_page' id='page_1' title='image "./operalatinavari06schmgoog_0399.png"; bbox 0 0 2600 4300; ppageno 0'>
   <div class='ocr_carea' id='block_1_1' title="bbox 314 340 1075 427">
    <p class='ocr_par' dir='ltr' id='par_1_1' title="bbox 314 340 1075 427">
     <span class='ocr_line' id='line_1_1' title="bbox 314 340 1075 427; baseline 0.007 -30"><span class='ocrx_word' id='word_1_1' title='bbox 314 342 388 413; x_wconf 75' lang='lat' dir='ltr'>opud</span> <span class='ocrx_word' id='word_1_2' title='bbox 405 343 534 401; x_wconf 64' lang='lat' dir='ltr'>Carus.</span> <span class='ocrx_word' id='word_1_3' title='bbox 547 344 624 401; x_wconf 75' lang='lat' dir='ltr'>nixu</span> <span class='ocrx_word' id='word_1_4' title='bbox 642 344 722 401; x_wconf 73' lang='lat' dir='ltr'>Bon·</span> <span class='ocrx_word' id='word_1_5' title='bbox 743 344 819 403; x_wconf 76' lang='lat' dir='ltr'>rnu</span> <span class='ocrx_word' id='word_1_6' title='bbox 841 344 906 417; x_wconf 74' lang='lat' dir='ltr'>Lug.</span> <span class='ocrx_word' id='word_1_7' title='bbox 1005 340 1075 427; x_wconf 55' lang='grc' dir='ltr'><strong>Μ</strong></span> 
     </span>
    </p>
   </div>
   <div class='ocr_carea' id='block_1_2' title="bbox 137 510 1132 2340">
    <p class='ocr_par' dir='ltr' id='par_1_2' title="bbox 137 510 1132 1261">
     <span class='ocr_line' id='line_1_2' title="bbox 139 510 1070 600; baseline 0.013 -29"><span class='ocrx_word' id='word_1_8' title='bbox 139 510 217 573; x_wconf 86' lang='lat' dir='ltr'>dum</span> <span class='ocrx_word' id='word_1_9' title='bbox 241 513 325 593; x_wconf 81' lang='lat' dir='ltr'>quod</span> <span class='ocrx_word' id='word_1_10' title='bbox 347 515 456 579; x_wconf 81' lang='lat' dir='ltr'>Petrus</span> <span class='ocrx_word' id='word_1_11' title='bbox 475 517 665 598; x_wconf 74' lang='lat' dir='ltr'>respondet,</span> <span class='ocrx_word' id='word_1_12' title='bbox 702 536 810 580; x_wconf 78' lang='lat' dir='ltr'>omues</span> <span class='ocrx_word' id='word_1_13' title='bbox 833 525 864 579; x_wconf 86' lang='lat' dir='ltr'>et</span> <span class='ocrx_word' id='word_1_14' title='bbox 892 518 1070 600; x_wconf 66' lang='lat' dir='ltr'>singultus</span> 
     </span>
     <span class='ocr_line' id='line_1_3' title="bbox 139 595 1069 681; baseline 0.011 -26"><span class='ocrx_word' id='word_1_15' title='bbox 139 595 313 675; x_wconf 76' lang='lat' dir='ltr'>spondent</span> <span class='ocrx_word' id='word_1_16' title='bbox 365 598 454 661; x_wconf 84' lang='lat' dir='ltr'><strong>Unde</strong></span> <span class='ocrx_word' id='word_1_17' title='bbox 488 606 520 661; x_wconf 82' lang='lat' dir='ltr'>et</span> <span class='ocrx_word' id='word_1_18' title='bbox 548 600 611 661; x_wconf 81' lang='lat' dir='ltr'>ulio</span> <span class='ocrx_word' id='word_1_19' title='bbox 641 600 711 661; x_wconf 90' lang='lat' dir='ltr'>loon</span> <span class='ocrx_word' id='word_1_20' title='bbox 738 602 770 661; x_wconf 91' lang='lat' dir='ltr'>iu</span> <span class='ocrx_word' id='word_1_21' title='bbox 798 600 907 681; x_wconf 74' lang='lat' dir='ltr'>plurali</span> <span class='ocrx_word' id='word_1_22' title='bbox 941 601 1069 665; x_wconf 79' lang='lat' dir='ltr'>enndorn</span> 
     </span>
     <span class='ocr_line' id='line_1_4' title="bbox 140 680 1132 764; baseline 0.008 -27"><span class='ocrx_word' id='word_1_23' title='bbox 140 680 333 741; x_wconf 75' lang='lat' dir='ltr'>sententiam</span> <span class='ocrx_word' id='word_1_24' title='bbox 368 681 455 745; x_wconf 87' lang='lat' dir='ltr'>dioit:</span> <span class='ocrx_word' id='word_1_25' title='bbox 502 682 716 762; x_wconf 75' lang='lat' dir='ltr'>Quodcunque</span> <span class='ocrx_word' id='word_1_26' title='bbox 733 683 911 764; x_wconf 76' lang='lat' dir='ltr'>iignvuritis</span> <span class='ocrx_word' id='word_1_27' title='bbox 941 690 998 745; x_wconf 84' lang='lat' dir='ltr'>stu.</span> <span class='ocrx_word' id='word_1_28' title='bbox 1041 694 1071 747; x_wconf 87' lang='lat' dir='ltr'>ot</span> <span class='ocrx_word' id='word_1_29' title='bbox 1129 718 1132 725; x_wconf 78' lang='lat'><em>,</em></span> 
     </span>
     <span class='ocr_line' id='line_1_5' title="bbox 140 761 1069 847; baseline 0.013 -26"><span class='ocrx_word' id='word_1_30' title='bbox 140 761 229 841; x_wconf 90' lang='lat' dir='ltr'>qnod</span> <span class='ocrx_word' id='word_1_31' title='bbox 267 764 321 825; x_wconf 88' lang='lat' dir='ltr'>uui</span> <span class='ocrx_word' id='word_1_32' title='bbox 349 764 479 844; x_wconf 83' lang='lat' dir='ltr'>dinitur,</span> <span class='ocrx_word' id='word_1_33' title='bbox 515 766 657 827; x_wconf 83' lang='lat' dir='ltr'>omuibus</span> <span class='ocrx_word' id='word_1_34' title='bbox 687 765 803 827; x_wconf 87' lang='lat' dir='ltr'>dioitur.</span> <span class='ocrx_word' id='word_1_35' title='bbox 838 765 979 847; x_wconf 80' lang='lat' dir='ltr'>Denique</span> <span class='ocrx_word' id='word_1_36' title='bbox 1001 786 1069 834; x_wconf 68' lang='lat' dir='ltr'>⁴uun</span> 
     </span>
     <span class='ocr_line' id='line_1_6' title="bbox 137 847 1069 930; baseline 0.006 -23"><span class='ocrx_word' id='word_1_37' title='bbox 137 848 277 927; x_wconf 87' lang='lat' dir='ltr'>primurn</span> <span class='ocrx_word' id='word_1_38' title='bbox 308 867 402 929; x_wconf 82' lang='lat' dir='ltr'>super</span> <span class='ocrx_word' id='word_1_39' title='bbox 421 849 543 910; x_wconf 87' lang='lat' dir='ltr'>Petrum</span> <span class='ocrx_word' id='word_1_40' title='bbox 565 847 725 911; x_wconf 76' lang='lat' dir='ltr'>descondit</span> <span class='ocrx_word' id='word_1_41' title='bbox 746 850 867 930; x_wconf 85' lang='lat' dir='ltr'>spiritus</span> <span class='ocrx_word' id='word_1_42' title='bbox 895 857 1018 913; x_wconf 69' lang='lat' dir='ltr'>sanutus</span> <span class='ocrx_word' id='word_1_43' title='bbox 1038 851 1069 913; x_wconf 90' lang='lat' dir='ltr'>in</span> 
     </span>
     <span class='ocr_line' id='line_1_7' title="bbox 138 929 1070 1014; baseline 0.006 -25"><span class='ocrx_word' id='word_1_44' title='bbox 138 929 192 991; x_wconf 88' lang='lat' dir='ltr'>die</span> <span class='ocrx_word' id='word_1_45' title='bbox 214 929 442 1010; x_wconf 80' lang='lat' dir='ltr'>Pentecosten,</span> <span class='ocrx_word' id='word_1_46' title='bbox 477 932 587 993; x_wconf 82' lang='lat' dir='ltr'>neuin</span> <span class='ocrx_word' id='word_1_47' title='bbox 616 932 703 993; x_wconf 79' lang='lat' dir='ltr'>terris</span> <span class='ocrx_word' id='word_1_48' title='bbox 733 933 861 1011; x_wconf 79' lang='lat' dir='ltr'>priunum</span> <span class='ocrx_word' id='word_1_49' title='bbox 895 933 1006 1014; x_wconf 86' lang='lat' dir='ltr'>legitur</span> <span class='ocrx_word' id='word_1_50' title='bbox 1026 934 1070 995; x_wconf 87' lang='lat' dir='ltr'>in·</span> 
     </span>
     <span class='ocr_line' id='line_1_8' title="bbox 139 1012 1070 1095; baseline 0.006 -24"><span class='ocrx_word' id='word_1_51' title='bbox 139 1012 292 1075; x_wconf 79' lang='lat' dir='ltr'>sufflasse</span> <span class='ocrx_word' id='word_1_52' title='bbox 318 1014 351 1075; x_wconf 90' lang='lat' dir='ltr'>in</span> <span class='ocrx_word' id='word_1_53' title='bbox 372 1014 517 1093; x_wconf 85' lang='lat' dir='ltr'>Petrum,</span> <span class='ocrx_word' id='word_1_54' title='bbox 551 1014 634 1094; x_wconf 88' lang='lat' dir='ltr'>quod</span> <span class='ocrx_word' id='word_1_55' title='bbox 657 1023 759 1075; x_wconf 81' lang='lat' dir='ltr'>tumen</span> <span class='ocrx_word' id='word_1_56' title='bbox 781 1015 806 1075; x_wconf 87' lang='lat' dir='ltr'>si</span> <span class='ocrx_word' id='word_1_57' title='bbox 823 1034 914 1095; x_wconf 78' lang='lat' dir='ltr'>quoni</span> <span class='ocrx_word' id='word_1_58' title='bbox 938 1017 1070 1079; x_wconf 69' lang='lat' dir='ltr'>maxime</span> 
     </span>
     <span class='ocr_line' id='line_1_9' title="bbox 138 1095 1069 1178; baseline 0.002 -21"><span class='ocrx_word' id='word_1_59' title='bbox 138 1096 261 1157; x_wconf 81' lang='lat' dir='ltr'>snorum</span> <span class='ocrx_word' id='word_1_60' title='bbox 285 1096 411 1176; x_wconf 82' lang='lat' dir='ltr'>fuisset,</span> <span class='ocrx_word' id='word_1_61' title='bbox 432 1116 495 1159; x_wconf 88' lang='lat' dir='ltr'>uon</span> <span class='ocrx_word' id='word_1_62' title='bbox 519 1095 590 1158; x_wconf 86' lang='lat' dir='ltr'>ideo</span> <span class='ocrx_word' id='word_1_63' title='bbox 611 1097 719 1159; x_wconf 87' lang='lat' dir='ltr'>Petrus</span> <span class='ocrx_word' id='word_1_64' title='bbox 741 1097 907 1159; x_wconf 78' lang='lat' dir='ltr'>monarcho</span> <span class='ocrx_word' id='word_1_65' title='bbox 928 1118 1001 1178; x_wconf 87' lang='lat' dir='ltr'>prne</span> <span class='ocrx_word' id='word_1_66' title='bbox 1023 1118 1069 1159; x_wconf 84' lang='lat' dir='ltr'>oe·</span> 
     </span>
     <span class='ocr_line' id='line_1_10' title="bbox 137 1178 530 1261; baseline 0.01 -23"><span class='ocrx_word' id='word_1_67' title='bbox 137 1180 217 1239; x_wconf 85' lang='lat' dir='ltr'>toris</span> <span class='ocrx_word' id='word_1_68' title='bbox 239 1178 351 1241; x_wconf 81' lang='lat' dir='ltr'>suisset</span> <span class='ocrx_word' id='word_1_69' title='bbox 370 1180 530 1261; x_wconf 85' lang='lat' dir='ltr'>upontotis.</span> 
     </span>
    </p>

    <p class='ocr_par' dir='ltr' id='par_1_3' title="bbox 139 1261 1070 2008">
     <span class='ocr_line' id='line_1_11' title="bbox 231 1261 1070 1343; baseline 0 -18"><span class='ocrx_word' id='word_1_70' title='bbox 231 1261 332 1343; x_wconf 82' lang='lat' dir='ltr'>Igitur</span> <span class='ocrx_word' id='word_1_71' title='bbox 354 1281 454 1325; x_wconf 80' lang='lat' dir='ltr'>onnon</span> <span class='ocrx_word' id='word_1_72' title='bbox 477 1263 530 1324; x_wconf 87' lang='lat' dir='ltr'>ille</span> <span class='ocrx_word' id='word_1_73' title='bbox 552 1264 593 1323; x_wconf 86' lang='lat' dir='ltr'>sit</span> <span class='ocrx_word' id='word_1_74' title='bbox 612 1281 714 1343; x_wconf 84' lang='lat' dir='ltr'>verus,</span> <span class='ocrx_word' id='word_1_75' title='bbox 737 1262 883 1341; x_wconf 77' lang='lat' dir='ltr'>admitto,</span> <span class='ocrx_word' id='word_1_76' title='bbox 916 1263 971 1325; x_wconf 84' lang='lat' dir='ltr'>ned</span> <span class='ocrx_word' id='word_1_77' title='bbox 998 1263 1070 1327; x_wconf 80' lang='lat' dir='ltr'>ubu-</span> 
     </span>
     <span class='ocr_line' id='line_1_12' title="bbox 139 1345 1069 1428; baseline 0.004 -24"><span class='ocrx_word' id='word_1_78' title='bbox 139 1346 233 1424; x_wconf 84' lang='lat' dir='ltr'>sive,</span> <span class='ocrx_word' id='word_1_79' title='bbox 277 1365 348 1407; x_wconf 84' lang='lat' dir='ltr'>meu</span> <span class='ocrx_word' id='word_1_80' title='bbox 375 1345 557 1428; x_wconf 83' lang='lat' dir='ltr'>evangelion</span> <span class='ocrx_word' id='word_1_81' title='bbox 587 1352 619 1406; x_wconf 87' lang='lat' dir='ltr'>et</span> <span class='ocrx_word' id='word_1_82' title='bbox 649 1346 775 1427; x_wconf 85' lang='lat' dir='ltr'>proprio</span> <span class='ocrx_word' id='word_1_83' title='bbox 798 1365 889 1407; x_wconf 85' lang='lat' dir='ltr'>sensu</span> <span class='ocrx_word' id='word_1_84' title='bbox 911 1346 1069 1411; x_wconf 83' lang='lat' dir='ltr'>nouolusio</span> 
     </span>
     <span class='ocr_line' id='line_1_13' title="bbox 139 1428 1069 1511; baseline 0.002 -23"><span class='ocrx_word' id='word_1_85' title='bbox 139 1437 220 1489; x_wconf 75' lang='lat' dir='ltr'>vern</span> <span class='ocrx_word' id='word_1_86' title='bbox 242 1437 301 1491; x_wconf 78' lang='lat' dir='ltr'>est</span> <span class='ocrx_word' id='word_1_87' title='bbox 338 1428 429 1504; x_wconf 78' lang='lat' dir='ltr'>Quod</span> <span class='ocrx_word' id='word_1_88' title='bbox 450 1430 477 1491; x_wconf 87' lang='lat' dir='ltr'>si</span> <span class='ocrx_word' id='word_1_89' title='bbox 497 1429 677 1491; x_wconf 85' lang='lat' dir='ltr'>monornhiu</span> <span class='ocrx_word' id='word_1_90' title='bbox 693 1447 794 1510; x_wconf 82' lang='lat' dir='ltr'>pupae</span> <span class='ocrx_word' id='word_1_91' title='bbox 814 1428 937 1509; x_wconf 70' lang='lat' dir='ltr'>probuti</span> <span class='ocrx_word' id='word_1_92' title='bbox 958 1436 1069 1511; x_wconf 68' lang='lat' dir='ltr'>potest,</span> 
     </span>
     <span class='ocr_line' id='line_1_14' title="bbox 139 1510 1068 1593; baseline -0.001 -19"><span class='ocrx_word' id='word_1_93' title='bbox 139 1513 251 1591; x_wconf 83' lang='lat' dir='ltr'>potius</span> <span class='ocrx_word' id='word_1_94' title='bbox 276 1531 315 1573; x_wconf 86' lang='lat' dir='ltr'>ex</span> <span class='ocrx_word' id='word_1_95' title='bbox 335 1512 390 1573; x_wconf 86' lang='lat' dir='ltr'>ilio</span> <span class='ocrx_word' id='word_1_96' title='bbox 413 1511 548 1593; x_wconf 78' lang='lat' dir='ltr'>apostoli</span> <span class='ocrx_word' id='word_1_97' title='bbox 568 1511 678 1575; x_wconf 83' lang='lat' dir='ltr'>Roma.</span> <span class='ocrx_word' id='word_1_98' title='bbox 702 1515 749 1577; x_wconf 82' lang='lat'>13.</span> <span class='ocrx_word' id='word_1_99' title='bbox 771 1510 964 1592; x_wconf 74' lang='lat' dir='ltr'>probabitur:</span> <span class='ocrx_word' id='word_1_100' title='bbox 999 1510 1068 1575; x_wconf 86' lang='lat' dir='ltr'>Orn-</span> 
     </span>
     <span class='ocr_line' id='line_1_15' title="bbox 139 1595 1068 1677; baseline 0 -22"><span class='ocrx_word' id='word_1_101' title='bbox 139 1595 191 1655; x_wconf 87' lang='lat' dir='ltr'>nio</span> <span class='ocrx_word' id='word_1_102' title='bbox 215 1601 358 1677; x_wconf 76' lang='lat' dir='ltr'>potestus</span> <span class='ocrx_word' id='word_1_103' title='bbox 379 1615 399 1657; x_wconf 86' lang='lat' dir='ltr'>n</span> <span class='ocrx_word' id='word_1_104' title='bbox 418 1596 486 1657; x_wconf 87' lang='lat' dir='ltr'>Deo</span> <span class='ocrx_word' id='word_1_105' title='bbox 508 1599 565 1672; x_wconf 87' lang='lat' dir='ltr'>est,</span> <span class='ocrx_word' id='word_1_106' title='bbox 586 1601 619 1655; x_wconf 85' lang='lat' dir='ltr'>ot</span> <span class='ocrx_word' id='word_1_107' title='bbox 640 1612 840 1674; x_wconf 83' lang='lat' dir='ltr'>quueounquo</span> <span class='ocrx_word' id='word_1_108' title='bbox 861 1614 881 1655; x_wconf 85' lang='lat' dir='ltr'>n</span> <span class='ocrx_word' id='word_1_109' title='bbox 899 1595 966 1657; x_wconf 82' lang='lat' dir='ltr'>Deo</span> <span class='ocrx_word' id='word_1_110' title='bbox 989 1604 1068 1671; x_wconf 83' lang='lat' dir='ltr'>sunt,</span> 
     </span>
     <span class='ocr_line' id='line_1_16' title="bbox 141 1677 1069 1758; baseline 0.001 -20"><span class='ocrx_word' id='word_1_111' title='bbox 141 1677 293 1741; x_wconf 75' lang='lat' dir='ltr'>ordinato</span> <span class='ocrx_word' id='word_1_112' title='bbox 313 1686 394 1742; x_wconf 86' lang='lat' dir='ltr'>nunt.</span> <span class='ocrx_word' id='word_1_113' title='bbox 422 1678 537 1755; x_wconf 83' lang='lat' dir='ltr'>Huius,</span> <span class='ocrx_word' id='word_1_114' title='bbox 560 1678 705 1755; x_wconf 79' lang='lat' dir='ltr'>inquom,</span> <span class='ocrx_word' id='word_1_115' title='bbox 727 1679 838 1739; x_wconf 81' lang='lat' dir='ltr'>virtuto</span> <span class='ocrx_word' id='word_1_116' title='bbox 863 1679 1003 1758; x_wconf 83' lang='lat' dir='ltr'>(proprio</span> <span class='ocrx_word' id='word_1_117' title='bbox 1024 1677 1069 1739; x_wconf 88' lang='lat' dir='ltr'>lo·</span> 
     </span>
     <span class='ocr_line' id='line_1_17' title="bbox 141 1759 1069 1842; baseline 0.004 -22"><span class='ocrx_word' id='word_1_118' title='bbox 141 1760 292 1842; x_wconf 83' lang='lat' dir='ltr'>quondo)</span> <span class='ocrx_word' id='word_1_119' title='bbox 317 1760 494 1823; x_wconf 88' lang='lat' dir='ltr'>subiioimur</span> <span class='ocrx_word' id='word_1_120' title='bbox 514 1759 582 1822; x_wconf 84' lang='lat' dir='ltr'>sedi</span> <span class='ocrx_word' id='word_1_121' title='bbox 603 1760 774 1840; x_wconf 78' lang='lat' dir='ltr'>Romanus,</span> <span class='ocrx_word' id='word_1_122' title='bbox 797 1759 899 1821; x_wconf 83' lang='lat' dir='ltr'>donno</span> <span class='ocrx_word' id='word_1_123' title='bbox 920 1760 1069 1841; x_wconf 66' lang='lat' dir='ltr'>neoptu</span> 
     </span>
     <span class='ocr_line' id='line_1_18' title="bbox 142 1843 1068 1924; baseline -0.001 -20"><span class='ocrx_word' id='word_1_124' title='bbox 142 1846 257 1923; x_wconf 73' lang='lat' dir='ltr'>oneris,</span> <span class='ocrx_word' id='word_1_125' title='bbox 280 1846 331 1924; x_wconf 86' lang='lat' dir='ltr'>qui</span> <span class='ocrx_word' id='word_1_126' title='bbox 353 1844 450 1921; x_wconf 83' lang='lat' dir='ltr'>nolus,</span> <span class='ocrx_word' id='word_1_127' title='bbox 470 1862 531 1906; x_wconf 91' lang='lat' dir='ltr'>non</span> <span class='ocrx_word' id='word_1_128' title='bbox 545 1844 636 1903; x_wconf 79' lang='lat' dir='ltr'>utinm</span> <span class='ocrx_word' id='word_1_129' title='bbox 648 1843 807 1905; x_wconf 80' lang='lat' dir='ltr'>Romanus</span> <span class='ocrx_word' id='word_1_130' title='bbox 820 1843 960 1923; x_wconf 78' lang='lat' dir='ltr'><strong>pontifex</strong></span> <span class='ocrx_word' id='word_1_131' title='bbox 974 1849 1068 1905; x_wconf 81' lang='lat' dir='ltr'>truns-</span> 
     </span>
     <span class='ocr_line' id='line_1_19' title="bbox 141 1927 628 2008; baseline 0.002 -22"><span class='ocrx_word' id='word_1_132' title='bbox 141 1928 207 1989; x_wconf 80' lang='lat' dir='ltr'>fort</span> <span class='ocrx_word' id='word_1_133' title='bbox 225 1946 327 2008; x_wconf 76' lang='lat' dir='ltr'>regno</span> <span class='ocrx_word' id='word_1_134' title='bbox 346 1934 439 2007; x_wconf 80' lang='lat' dir='ltr'>utque</span> <span class='ocrx_word' id='word_1_135' title='bbox 460 1927 628 1989; x_wconf 79' lang='lat' dir='ltr'>oonntituit.</span> 
     </span>
    </p>

    <p class='ocr_par' dir='ltr' id='par_1_4' title="bbox 142 2007 1116 2340">
     <span class='ocr_line' id='line_1_20' title="bbox 231 2007 1067 2090; baseline 0 -19"><span class='ocrx_word' id='word_1_136' title='bbox 231 2010 320 2072; x_wconf 81' lang='lat' dir='ltr'>Tulin</span> <span class='ocrx_word' id='word_1_137' title='bbox 341 2011 446 2090; x_wconf 81' lang='lat' dir='ltr'>multo,</span> <span class='ocrx_word' id='word_1_138' title='bbox 468 2011 510 2071; x_wconf 86' lang='lat' dir='ltr'>mi</span> <span class='ocrx_word' id='word_1_139' title='bbox 529 2010 640 2087; x_wconf 79' lang='lat' dir='ltr'>tentor,</span> <span class='ocrx_word' id='word_1_140' title='bbox 659 2009 691 2069; x_wconf 92' lang='lat' dir='ltr'>in</span> <span class='ocrx_word' id='word_1_141' title='bbox 713 2009 815 2069; x_wconf 83' lang='lat' dir='ltr'>suoris&#39;</span> <span class='ocrx_word' id='word_1_142' title='bbox 833 2007 964 2069; x_wconf 80' lang='lat' dir='ltr'>douretin</span> <span class='ocrx_word' id='word_1_143' title='bbox 985 2008 1067 2071; x_wconf 78' lang='lat' dir='ltr'>inve·</span> 
     </span>
     <span class='ocr_line' id='line_1_21' title="bbox 142 2090 1069 2174; baseline -0.002 -20"><span class='ocrx_word' id='word_1_144' title='bbox 142 2095 236 2173; x_wconf 78' lang='lat' dir='ltr'>nien,</span> <span class='ocrx_word' id='word_1_145' title='bbox 260 2101 293 2156; x_wconf 83' lang='lat' dir='ltr'>ot</span> <span class='ocrx_word' id='word_1_146' title='bbox 313 2093 375 2156; x_wconf 82' lang='lat' dir='ltr'>olio</span> <span class='ocrx_word' id='word_1_147' title='bbox 395 2093 564 2174; x_wconf 73' lang='lat' dir='ltr'>quosdam,</span> <span class='ocrx_word' id='word_1_148' title='bbox 577 2110 668 2171; x_wconf 76' lang='lat' dir='ltr'>,quoe</span> <span class='ocrx_word' id='word_1_149' title='bbox 695 2090 720 2152; x_wconf 88' lang='lat' dir='ltr'>si</span> <span class='ocrx_word' id='word_1_150' title='bbox 739 2109 847 2153; x_wconf 82' lang='lat' dir='ltr'>nusum</span> <span class='ocrx_word' id='word_1_151' title='bbox 869 2109 1003 2172; x_wconf 79' lang='lat' dir='ltr'>sponsus</span> <span class='ocrx_word' id='word_1_152' title='bbox 1023 2110 1069 2152; x_wconf 86' lang='lat' dir='ltr'>rs·</span> 
     </span>
     <span class='ocr_line' id='line_1_22' title="bbox 142 2172 1116 2258; baseline -0.004 -18"><span class='ocrx_word' id='word_1_153' title='bbox 142 2184 323 2258; x_wconf 82' lang='lat' dir='ltr'>spootorem</span> <span class='ocrx_word' id='word_1_154' title='bbox 343 2177 501 2254; x_wconf 74' lang='lat' dir='ltr'>Damasei,</span> <span class='ocrx_word' id='word_1_155' title='bbox 523 2177 555 2238; x_wconf 88' lang='lat' dir='ltr'>id</span> <span class='ocrx_word' id='word_1_156' title='bbox 577 2181 635 2250; x_wconf 80' lang='lat' dir='ltr'>ent,</span> <span class='ocrx_word' id='word_1_157' title='bbox 657 2175 757 2236; x_wconf 83' lang='lat' dir='ltr'>nornis</span> <span class='ocrx_word' id='word_1_158' title='bbox 779 2180 811 2236; x_wconf 81' lang='lat' dir='ltr'>et</span> <span class='ocrx_word' id='word_1_159' title='bbox 827 2175 995 2254; x_wconf 74' lang='lat' dir='ltr'>sanguinis,</span> <span class='ocrx_word' id='word_1_160' title='bbox 1016 2172 1068 2236; x_wconf 78' lang='lat' dir='ltr'>sd·</span> <span class='ocrx_word' id='word_1_161' title='bbox 1114 2234 1116 2246; x_wconf 88' lang='grc'>,</span> 
     </span>
     <span class='ocr_line' id='line_1_23' title="bbox 142 2257 772 2340; baseline -0.003 -20"><span class='ocrx_word' id='word_1_162' title='bbox 142 2260 268 2335; x_wconf 75' lang='lat' dir='ltr'>uineas,</span> <span class='ocrx_word' id='word_1_163' title='bbox 292 2261 416 2340; x_wconf 79' lang='lat' dir='ltr'>saepius</span> <span class='ocrx_word' id='word_1_164' title='bbox 438 2259 537 2324; x_wconf 82' lang='lat' dir='ltr'>odoro</span> <span class='ocrx_word' id='word_1_165' title='bbox 559 2257 735 2324; x_wconf 82' lang='lat' dir='ltr'>offenderis.</span> <span class='ocrx_word' id='word_1_166' title='bbox 761 2263 772 2294; x_wconf 78' lang='lat'><strong>·</strong></span> 
     </span>
    </p>
   </div>
   <div class='ocr_carea' id='block_1_3' title="bbox 232 2338 1193 2422">
    <p class='ocr_par' dir='ltr' id='par_1_5' title="bbox 232 2338 1193 2422">
     <span class='ocr_line' id='line_1_24' title="bbox 232 2338 1193 2422; baseline -0.002 -18"><span class='ocrx_word' id='word_1_167' title='bbox 232 2342 286 2404; x_wconf 82' lang='lat' dir='ltr'>Sin</span> <span class='ocrx_word' id='word_1_168' title='bbox 320 2362 404 2404; x_wconf 87' lang='lat' dir='ltr'>nuno</span> <span class='ocrx_word' id='word_1_169' title='bbox 430 2344 470 2405; x_wconf 80' lang='lat' dir='ltr'>do</span> <span class='ocrx_word' id='word_1_170' title='bbox 497 2341 728 2422; x_wconf 73' lang='lat' dir='ltr'>Extrovogontn</span> <span class='ocrx_word' id='word_1_171' title='bbox 756 2339 810 2402; x_wconf 86' lang='lat' dir='ltr'>ilio</span> <span class='ocrx_word' id='word_1_172' title='bbox 839 2338 930 2417; x_wconf 85' lang='lat' dir='ltr'>diuo,</span> <span class='ocrx_word' id='word_1_173' title='bbox 963 2339 1070 2400; x_wconf 78' lang='lat' dir='ltr'>moritu</span> <span class='ocrx_word' id='word_1_174' title='bbox 1187 2395 1193 2402; x_wconf 88' lang='lat'><em>.</em></span> 
     </span>
    </p>
   </div>
   <div class='ocr_carea' id='block_1_4' title="bbox 144 2420 1076 3749">
    <p class='ocr_par' dir='ltr' id='par_1_6' title="bbox 144 2420 1070 2504">
     <span class='ocr_line' id='line_1_25' title="bbox 144 2420 1070 2504; baseline -0.006 -16"><span class='ocrx_word' id='word_1_175' title='bbox 144 2425 265 2488; x_wconf 77' lang='lat' dir='ltr'>Christi</span> <span class='ocrx_word' id='word_1_176' title='bbox 285 2445 350 2488; x_wconf 90' lang='lat' dir='ltr'>non</span> <span class='ocrx_word' id='word_1_177' title='bbox 364 2433 437 2488; x_wconf 86' lang='lat' dir='ltr'>sunt</span> <span class='ocrx_word' id='word_1_178' title='bbox 456 2426 617 2488; x_wconf 70' lang='lat' dir='ltr'>thesaurus</span> <span class='ocrx_word' id='word_1_179' title='bbox 627 2421 897 2504; x_wconf 80' lang='lat' dir='ltr'>indulgentiarum,</span> <span class='ocrx_word' id='word_1_180' title='bbox 920 2420 1070 2501; x_wconf 81' lang='lat' dir='ltr'>quiosiuo</span> 
     </span>
    </p>

    <p class='ocr_par' dir='ltr' id='par_1_7' title="bbox 146 2506 1071 3168">
     <span class='ocr_line' id='line_1_26' title="bbox 211 2506 1070 2591; baseline -0.002 -23"><span class='ocrx_word' id='word_1_181' title='bbox 211 2528 234 2568; x_wconf 80' lang='lat' dir='ltr'>n</span> <span class='ocrx_word' id='word_1_182' title='bbox 254 2515 423 2589; x_wconf 70' lang='lat' dir='ltr'>operantur</span> <span class='ocrx_word' id='word_1_183' title='bbox 444 2510 584 2591; x_wconf 82' lang='lat' dir='ltr'>grntinm.</span> <span class='ocrx_word' id='word_1_184' title='bbox 616 2506 702 2571; x_wconf 76' lang='lat' dir='ltr'>Hono</span> <span class='ocrx_word' id='word_1_185' title='bbox 736 2506 906 2586; x_wconf 77' lang='lat' dir='ltr'>propositio</span> <span class='ocrx_word' id='word_1_186' title='bbox 939 2521 1070 2584; x_wconf 63' lang='lat' dir='ltr'>evsngos</span> 
     </span>
     <span class='ocr_line' id='line_1_27' title="bbox 156 2587 1069 2667; baseline -0.004 -15"><span class='ocrx_word' id='word_1_187' title='bbox 156 2592 209 2652; x_wconf 76' lang='lat' dir='ltr'>ion</span> <span class='ocrx_word' id='word_1_188' title='bbox 230 2598 302 2667; x_wconf 80' lang='lat' dir='ltr'>ost,</span> <span class='ocrx_word' id='word_1_189' title='bbox 334 2592 387 2654; x_wconf 89' lang='lat' dir='ltr'>ubi</span> <span class='ocrx_word' id='word_1_190' title='bbox 415 2591 556 2652; x_wconf 71' lang='lat' dir='ltr'>scribitur</span> <span class='ocrx_word' id='word_1_191' title='bbox 574 2592 606 2650; x_wconf 90' lang='lat' dir='ltr'>in</span> <span class='ocrx_word' id='word_1_192' title='bbox 628 2589 732 2650; x_wconf 86' lang='lat' dir='ltr'>multis</span> <span class='ocrx_word' id='word_1_193' title='bbox 752 2588 847 2666; x_wconf 85' lang='lat' dir='ltr'>ionis,</span> <span class='ocrx_word' id='word_1_194' title='bbox 871 2587 981 2650; x_wconf 79' lang='lat' dir='ltr'>Christi</span> <span class='ocrx_word' id='word_1_195' title='bbox 1003 2605 1069 2648; x_wconf 80' lang='lat' dir='ltr'>ssu·</span> 
     </span>
     <span class='ocr_line' id='line_1_28' title="bbox 146 2670 1071 2755; baseline -0.003 -20"><span class='ocrx_word' id='word_1_196' title='bbox 146 2675 245 2755; x_wconf 82' lang='lat' dir='ltr'>gnine</span> <span class='ocrx_word' id='word_1_197' title='bbox 267 2681 300 2736; x_wconf 83' lang='lat' dir='ltr'>et</span> <span class='ocrx_word' id='word_1_198' title='bbox 320 2674 497 2737; x_wconf 79' lang='lat' dir='ltr'>obedientis</span> <span class='ocrx_word' id='word_1_199' title='bbox 516 2692 576 2736; x_wconf 89' lang='lat' dir='ltr'>uos</span> <span class='ocrx_word' id='word_1_200' title='bbox 596 2672 694 2734; x_wconf 77' lang='lat' dir='ltr'>suetos</span> <span class='ocrx_word' id='word_1_201' title='bbox 717 2672 942 2734; x_wconf 81' lang='lat' dir='ltr'>etcunstitutos</span> <span class='ocrx_word' id='word_1_202' title='bbox 963 2670 1071 2742; x_wconf 77' lang='lat' dir='ltr'>iustos,</span> 
     </span>
     <span class='ocr_line' id='line_1_29' title="bbox 146 2751 1071 2837; baseline -0.005 -19"><span class='ocrx_word' id='word_1_203' title='bbox 146 2759 331 2837; x_wconf 77' lang='lat' dir='ltr'>pruusuutun</span> <span class='ocrx_word' id='word_1_204' title='bbox 352 2758 443 2820; x_wconf 83' lang='lat' dir='ltr'>Rom.</span> <span class='ocrx_word' id='word_1_205' title='bbox 465 2761 500 2822; x_wconf 82' lang='lat'>5:</span> <span class='ocrx_word' id='word_1_206' title='bbox 530 2756 588 2816; x_wconf 85' lang='lat' dir='ltr'>Per</span> <span class='ocrx_word' id='word_1_207' title='bbox 609 2756 713 2834; x_wconf 82' lang='lat' dir='ltr'>unius,</span> <span class='ocrx_word' id='word_1_208' title='bbox 734 2755 843 2835; x_wconf 79' lang='lat' dir='ltr'>iuquit,</span> <span class='ocrx_word' id='word_1_209' title='bbox 864 2751 1071 2818; x_wconf 75' lang='lat' dir='ltr'>obedientium</span> 
     </span>
     <span class='ocr_line' id='line_1_30' title="bbox 150 2833 1070 2920; baseline -0.008 -17"><span class='ocrx_word' id='word_1_210' title='bbox 150 2839 266 2917; x_wconf 78' lang='lat' dir='ltr'>(oredo</span> <span class='ocrx_word' id='word_1_211' title='bbox 298 2840 381 2902; x_wconf 70' lang='lat' dir='ltr'>huno</span> <span class='ocrx_word' id='word_1_212' title='bbox 415 2860 485 2903; x_wconf 82' lang='lat' dir='ltr'>esso</span> <span class='ocrx_word' id='word_1_213' title='bbox 520 2839 629 2900; x_wconf 73' lang='lat' dir='ltr'>merito</span> <span class='ocrx_word' id='word_1_214' title='bbox 648 2834 779 2920; x_wconf 83' lang='lat' dir='ltr'>Christi)</span> <span class='ocrx_word' id='word_1_215' title='bbox 813 2836 884 2898; x_wconf 90' lang='lat' dir='ltr'>iusti</span> <span class='ocrx_word' id='word_1_216' title='bbox 913 2833 1070 2898; x_wconf 80' lang='lat' dir='ltr'>constituti</span> 
     </span>
     <span class='ocr_line' id='line_1_31' title="bbox 149 2921 1071 3004; baseline -0.002 -22"><span class='ocrx_word' id='word_1_217' title='bbox 149 2930 222 2984; x_wconf 82' lang='lat' dir='ltr'>sunt</span> <span class='ocrx_word' id='word_1_218' title='bbox 255 2923 364 3001; x_wconf 83' lang='lat' dir='ltr'>multi,</span> <span class='ocrx_word' id='word_1_219' title='bbox 395 2943 452 3004; x_wconf 83' lang='lat' dir='ltr'>por</span> <span class='ocrx_word' id='word_1_220' title='bbox 482 2921 688 3002; x_wconf 74' lang='lat' dir='ltr'>indulgentius</span> <span class='ocrx_word' id='word_1_221' title='bbox 709 2927 811 2982; x_wconf 84' lang='lat' dir='ltr'>nutem</span> <span class='ocrx_word' id='word_1_222' title='bbox 833 2937 925 2980; x_wconf 84' lang='lat' dir='ltr'>nemo</span> <span class='ocrx_word' id='word_1_223' title='bbox 946 2924 1071 2980; x_wconf 75' lang='lat' dir='ltr'>sanetus</span> 
     </span>
     <span class='ocr_line' id='line_1_32' title="bbox 149 2999 1071 3090; baseline -0.007 -24"><span class='ocrx_word' id='word_1_224' title='bbox 149 3005 309 3084; x_wconf 73' lang='lat' dir='ltr'>officitur,</span> <span class='ocrx_word' id='word_1_225' title='bbox 331 3005 413 3085; x_wconf 89' lang='lat' dir='ltr'>quod</span> <span class='ocrx_word' id='word_1_226' title='bbox 435 3005 475 3066; x_wconf 85' lang='lat' dir='ltr'>do</span> <span class='ocrx_word' id='word_1_227' title='bbox 496 3005 613 3090; x_wconf 68' lang='lat' dir='ltr'>moritis</span> <span class='ocrx_word' id='word_1_228' title='bbox 633 3003 743 3064; x_wconf 82' lang='lat' dir='ltr'>Christi</span> <span class='ocrx_word' id='word_1_229' title='bbox 766 2999 909 3064; x_wconf 79' lang='lat' dir='ltr'>offirmari</span> <span class='ocrx_word' id='word_1_230' title='bbox 932 3008 980 3062; x_wconf 83' lang='lat' dir='ltr'>est</span> <span class='ocrx_word' id='word_1_231' title='bbox 999 3019 1071 3062; x_wconf 89' lang='lat' dir='ltr'>oon·</span> 
     </span>
     <span class='ocr_line' id='line_1_33' title="bbox 151 3089 913 3168; baseline 0.007 -21"><span class='ocrx_word' id='word_1_232' title='bbox 151 3095 198 3150; x_wconf 77' lang='lat' dir='ltr'>tro</span> <span class='ocrx_word' id='word_1_233' title='bbox 219 3094 285 3150; x_wconf 79' lang='lat' dir='ltr'>tum</span> <span class='ocrx_word' id='word_1_234' title='bbox 306 3095 430 3168; x_wconf 76' lang='lat' dir='ltr'>opertos</span> <span class='ocrx_word' id='word_1_235' title='bbox 452 3089 626 3168; x_wconf 71' lang='lat' dir='ltr'>scripturus.</span> <span class='ocrx_word' id='word_1_236' title='bbox 907 3099 913 3120; x_wconf 72' lang='lat'>⁸</span> 
     </span>
    </p>

    <p class='ocr_par' dir='ltr' id='par_1_8' title="bbox 150 3165 1076 3749">
     <span class='ocr_line' id='line_1_34' title="bbox 234 3165 1071 3252; baseline -0.006 -21"><span class='ocrx_word' id='word_1_237' title='bbox 234 3171 338 3252; x_wconf 73' lang='lat' dir='ltr'>tgiuur,</span> <span class='ocrx_word' id='word_1_238' title='bbox 359 3191 400 3233; x_wconf 86' lang='lat' dir='ltr'>nn</span> <span class='ocrx_word' id='word_1_239' title='bbox 415 3173 456 3232; x_wconf 90' lang='lat' dir='ltr'>sit</span> <span class='ocrx_word' id='word_1_240' title='bbox 475 3171 537 3232; x_wconf 75' lang='lat' dir='ltr'>isto</span> <span class='ocrx_word' id='word_1_241' title='bbox 548 3167 719 3251; x_wconf 81' lang='lat' dir='ltr'>propositio</span> <span class='ocrx_word' id='word_1_242' title='bbox 742 3173 851 3230; x_wconf 84' lang='lat' dir='ltr'>uontrn</span> <span class='ocrx_word' id='word_1_243' title='bbox 867 3165 1071 3228; x_wconf 71' lang='lat' dir='ltr'>vetuxtuvs·</span> 
     </span>
     <span class='ocr_line' id='line_1_35' title="bbox 150 3250 1072 3334; baseline -0.01 -17"><span class='ocrx_word' id='word_1_244' title='bbox 150 3259 279 3334; x_wconf 70' lang='lat' dir='ltr'>guum</span> <span class='ocrx_word' id='word_1_245' title='bbox 303 3253 354 3315; x_wconf 85' lang='lat' dir='ltr'>vei</span> <span class='ocrx_word' id='word_1_246' title='bbox 373 3254 632 3334; x_wconf 79' lang='lat' dir='ltr'>lntrnvnguntem,</span> <span class='ocrx_word' id='word_1_247' title='bbox 656 3269 718 3312; x_wconf 91' lang='lat' dir='ltr'>non</span> <span class='ocrx_word' id='word_1_248' title='bbox 740 3268 825 3326; x_wconf 82' lang='lat' dir='ltr'>outo,</span> <span class='ocrx_word' id='word_1_249' title='bbox 845 3250 932 3329; x_wconf 88' lang='lat' dir='ltr'>prior</span> <span class='ocrx_word' id='word_1_250' title='bbox 954 3253 1002 3308; x_wconf 83' lang='lat' dir='ltr'>ont</span> <span class='ocrx_word' id='word_1_251' title='bbox 1022 3265 1072 3308; x_wconf 83' lang='lat' dir='ltr'>vs·</span> 
     </span>
     <span class='ocr_line' id='line_1_36' title="bbox 151 3329 1073 3418; baseline -0.008 -19"><span class='ocrx_word' id='word_1_252' title='bbox 151 3338 227 3399; x_wconf 70' lang='lat' dir='ltr'>ritus</span> <span class='ocrx_word' id='word_1_253' title='bbox 248 3337 439 3418; x_wconf 72' lang='lat' dir='ltr'>scriptume,</span> <span class='ocrx_word' id='word_1_254' title='bbox 459 3341 583 3416; x_wconf 81' lang='lat' dir='ltr'>etpost</span> <span class='ocrx_word' id='word_1_255' title='bbox 604 3334 680 3410; x_wconf 87' lang='lat' dir='ltr'>hoo,</span> <span class='ocrx_word' id='word_1_256' title='bbox 701 3331 727 3394; x_wconf 88' lang='lat' dir='ltr'>si</span> <span class='ocrx_word' id='word_1_257' title='bbox 748 3331 882 3394; x_wconf 85' lang='lat' dir='ltr'>hominis</span> <span class='ocrx_word' id='word_1_258' title='bbox 894 3329 1073 3392; x_wconf 72' lang='lat' dir='ltr'>vorborum</span> 
     </span>
     <span class='ocr_line' id='line_1_37' title="bbox 152 3409 1072 3502; baseline -0.009 -20"><span class='ocrx_word' id='word_1_259' title='bbox 152 3439 222 3482; x_wconf 80' lang='lat' dir='ltr'>osse</span> <span class='ocrx_word' id='word_1_260' title='bbox 242 3426 387 3502; x_wconf 72' lang='lat' dir='ltr'>ponunt,</span> <span class='ocrx_word' id='word_1_261' title='bbox 406 3417 582 3481; x_wconf 78' lang='lat' dir='ltr'>videndum.</span> <span class='ocrx_word' id='word_1_262' title='bbox 610 3415 688 3478; x_wconf 78' lang='lat' dir='ltr'>Num</span> <span class='ocrx_word' id='word_1_263' title='bbox 711 3434 771 3496; x_wconf 77' lang='lat' dir='ltr'>ogo</span> <span class='ocrx_word' id='word_1_264' title='bbox 793 3419 877 3476; x_wconf 81' lang='lat' dir='ltr'>uerte</span> <span class='ocrx_word' id='word_1_265' title='bbox 897 3431 961 3474; x_wconf 84' lang='lat' dir='ltr'>nun</span> <span class='ocrx_word' id='word_1_266' title='bbox 981 3409 1072 3475; x_wconf 68' lang='lat' dir='ltr'>sudo</span> 
     </span>
     <span class='ocr_line' id='line_1_38' title="bbox 151 3493 1074 3583; baseline -0.008 -21"><span class='ocrx_word' id='word_1_267' title='bbox 151 3521 216 3564; x_wconf 81' lang='lat' dir='ltr'>rom</span> <span class='ocrx_word' id='word_1_268' title='bbox 238 3521 376 3583; x_wconf 68' lang='lat' dir='ltr'>unquam</span> <span class='ocrx_word' id='word_1_269' title='bbox 395 3521 553 3576; x_wconf 62' lang='lat' dir='ltr'>asserem</span> <span class='ocrx_word' id='word_1_270' title='bbox 575 3497 659 3580; x_wconf 89' lang='lat' dir='ltr'>quod</span> <span class='ocrx_word' id='word_1_271' title='bbox 677 3517 734 3578; x_wconf 80' lang='lat' dir='ltr'>per</span> <span class='ocrx_word' id='word_1_272' title='bbox 753 3495 960 3576; x_wconf 79' lang='lat' dir='ltr'>indulgentius</span> <span class='ocrx_word' id='word_1_273' title='bbox 981 3493 1074 3556; x_wconf 75' lang='lat' dir='ltr'>nmini</span> 
     </span>
     <span class='ocr_line' id='line_1_39' title="bbox 153 3576 1075 3665; baseline -0.008 -18"><span class='ocrx_word' id='word_1_274' title='bbox 153 3585 212 3648; x_wconf 74' lang='lat' dir='ltr'>uei</span> <span class='ocrx_word' id='word_1_275' title='bbox 232 3584 321 3662; x_wconf 80' lang='lat' dir='ltr'>fiunt,</span> <span class='ocrx_word' id='word_1_276' title='bbox 341 3585 421 3646; x_wconf 84' lang='lat' dir='ltr'>siout</span> <span class='ocrx_word' id='word_1_277' title='bbox 441 3603 590 3665; x_wconf 83' lang='lat' dir='ltr'>expresso</span> <span class='ocrx_word' id='word_1_278' title='bbox 610 3581 684 3644; x_wconf 84' lang='lat' dir='ltr'>dioit</span> <span class='ocrx_word' id='word_1_279' title='bbox 703 3579 936 3658; x_wconf 69' lang='lat' dir='ltr'>Emungam,</span> <span class='ocrx_word' id='word_1_280' title='bbox 957 3576 1075 3640; x_wconf 75' lang='lat' dir='ltr'>doeens</span> 
     </span>
     <span class='ocr_line' id='line_1_40' title="bbox 153 3660 1076 3749; baseline -0.005 -22"><span class='ocrx_word' id='word_1_281' title='bbox 153 3667 282 3730; x_wconf 82' lang='lat' dir='ltr'>verbnm</span> <span class='ocrx_word' id='word_1_282' title='bbox 305 3669 463 3749; x_wconf 69' lang='lat' dir='ltr'>sapientis,</span> <span class='ocrx_word' id='word_1_283' title='bbox 485 3665 525 3728; x_wconf 81' lang='lat' dir='ltr'>do</span> <span class='ocrx_word' id='word_1_284' title='bbox 544 3662 937 3747; x_wconf 74' lang='lat' dir='ltr'>portioipntioneoeternso</span> <span class='ocrx_word' id='word_1_285' title='bbox 953 3660 1076 3740; x_wconf 72' lang='lat' dir='ltr'>sopiun-</span> 
     </span>
    </p>
   </div>
   <div class='ocr_carea' id='block_1_5' title="bbox 154 3739 1073 3912">
    <p class='ocr_par' dir='ltr' id='par_1_9' title="bbox 154 3739 1073 3912">
     <span class='ocr_line' id='line_1_41' title="bbox 154 3739 1073 3830; baseline -0.009 -20"><span class='ocrx_word' id='word_1_286' title='bbox 154 3752 216 3812; x_wconf 82' lang='lat' dir='ltr'>tino</span> <span class='ocrx_word' id='word_1_287' title='bbox 249 3750 404 3828; x_wconf 76' lang='lat' dir='ltr'>(liuentis,</span> <span class='ocrx_word' id='word_1_288' title='bbox 436 3748 477 3810; x_wconf 81' lang='lat' dir='ltr'>od</span> <span class='ocrx_word' id='word_1_289' title='bbox 508 3743 774 3830; x_wconf 63' lang='lat' dir='ltr'>participationem</span> <span class='ocrx_word' id='word_1_290' title='bbox 805 3739 1073 3822; x_wconf 70' lang='lat' dir='ltr'>indulgentiarum.</span> 
     </span>
     <span class='ocr_line' id='line_1_42' title="bbox 156 3821 1073 3912; baseline -0.013 -18"><span class='ocrx_word' id='word_1_291' title='bbox 156 3834 295 3894; x_wconf 75' lang='lat' dir='ltr'>Fuerunt</span> <span class='ocrx_word' id='word_1_292' title='bbox 320 3835 400 3894; x_wconf 73' lang='lat' dir='ltr'>istnc</span> <span class='ocrx_word' id='word_1_293' title='bbox 429 3833 599 3912; x_wconf 68' lang='lat' dir='ltr'>seriptum</span> <span class='ocrx_word' id='word_1_294' title='bbox 628 3843 720 3886; x_wconf 75' lang='lat' dir='ltr'>verns</span> <span class='ocrx_word' id='word_1_295' title='bbox 746 3829 821 3886; x_wconf 76' lang='lat' dir='ltr'>unte</span> <span class='ocrx_word' id='word_1_296' title='bbox 850 3829 972 3904; x_wconf 79' lang='lat' dir='ltr'>tempus</span> <span class='ocrx_word' id='word_1_297' title='bbox 992 3821 1073 3884; x_wconf 81' lang='lat' dir='ltr'>illius</span> 
     </span>
    </p>
   </div>
   <div class='ocr_carea' id='block_1_6' title="bbox 0 0 1311 4300">
    <p class='ocr_par' dir='ltr' id='par_1_10' title="bbox 0 0 1311 4300">
     <span class='ocr_line' id='line_1_43' title="bbox 0 0 1311 4300; baseline 0 0"><span class='ocrx_word' id='word_1_298' title='bbox 0 0 1311 4300; x_wconf 95' lang='lat' dir='ltr'> </span> 
     </span>
    </p>
   </div>
  </div>
 </body>
</html>
