2600 4300
425 310 463 365 n
480 263 843 383 venerantem.
1030 308 1090 375 1o1

168 478 347 544 confiteber
367 483 575 563 ignorantium
596 499 710 559 meam,
744 484 769 541 si
791 485 859 562 quis
882 483 1023 563 dignetur
1043 499 1093 543 me

165 565 302 644 erudire,
324 572 357 626 et
376 565 460 626 hauc
479 584 543 625 rem
565 565 686 644 planius
704 565 866 626 elucidare.
895 562 997 627 Primo
1010 567 1093 627 m‘rca

166 650 302 729 primam
324 657 444 728 partam
466 648 678 709 videturesse
699 650 758 708 ista
778 651 878 710 oratio
900 649 950 709 vel
967 656 1092 709 'senten-

164 734 209 792 tia
223 732 408 812 impropria,
421 736 454 791 et
465 732 646 873 evangelico
661 732 757 791 textui
770 734 949 812 incongrua,
969 732 1092 811 quando

165 815 280 875 dicitnr
292 833 446 874 summum
456 815 543 893 ponti
567 832 634 874 cem
646 814 768 875 solvere
791 815 914 893 (idest,
936 814 1093 876 declarare

165 896 326 974 solutam)
349 897 484 976 culpam,
505 916 560 959 seu
581 897 763 977 approbare.
785 898 901 958 Textus
923 900 1006 959 enim
1028 916 1092 959 non

165 980 257 1043 dicit:
289 980 504 1057 Quodcunque
525 999 584 1061 ego
606 980 730 1041 solvero
753 981 784 1039 in
806 981 912 1065 coelis,
933 987 966 1041 tu
988 981 1092 1041 solves

165 1082 262 1144 snper
282 1069 414 1138 terram,
433 1062 491 1122 sed
510 1069 636 1123 eontra:
675 1062 887 1143 Quodcunque
908 1070 940 1123 tu
963 1063 1092 1126 solvaris

165 1166 262 1227 super
283 1153 408 1223 terram,
429 1165 488 1225 ego
512 1146 640 1222 solvam,
664 1165 718 1206 seu
740 1147 873 1207 solutum
896 1148 954 1207 crit
973 1148 1004 1206 in
1023 1162 1092 1207 coe·

165 1231 214 1290 lis.
261 1229 324 1291 Ubi
343 1229 443 1308 megin
464 1228 645 1309 intelligitur
665 1229 748 1289 Deus
771 1229 944 1311 approbare
966 1229 1092 1290 solutio·

165 1331 242 1373 nem
263 1310 449 1389 sacerdotis,
471 1330 561 1390 quern
585 1330 602 1370 e
624 1319 741 1373 contra.

254 1393 404 1457 Secundo
435 1395 516 1453 circa
545 1394 712 1455 secundam
740 1400 857 1473 partem
892 1400 1007 1475 certum
1037 1400 1093 1473 est,

168 1479 256 1556 quod
278 1495 360 1557 quos
381 1495 471 1537 casus
492 1476 689 1557 solvitpapa,
712 1477 839 1537 eosdem
853 1474 946 1537 solvit
958 1484 989 1537 et
1000 1477 1093 1556 Deus,

166 1576 230 1621 nec
250 1567 357 1642 potest
378 1561 445 1639 quin
466 1560 534 1619 Deo
555 1560 763 1636 reconciliari,
792 1560 850 1619 nisi
881 1558 1095 1622 reconcilietur

168 1646 256 1727 prins
277 1643 439 1721 ecelesiae,
461 1644 573 1703 saltem
592 1650 678 1703 voto.
707 1642 774 1703 Nec
795 1641 915 1703 offensa
934 1643 992 1705 Dei
1015 1642 1094 1703 telli-

168 1736 236 1806 tur,
272 1734 419 1786 manente
449 1726 569 1786 offense
605 1726 780 1788 ecclesiae..
824 1725 885 1786 Sed
923 1727 1093 1805 quaeritur:

168 1810 279 1872 Utrum
299 1809 518 1869 reconciliatus
542 1808 692 1869 ecclesiae
715 1827 789 1869 mox
810 1810 850 1869 sit
871 1809 961 1869 etiam
986 1825 1092 1869 recon-

170 1894 292 1954 cilietis
312 1891 406 1951 Deo?
442 1891 559 1972 'sextus
581 1898 665 1951 certe
685 1890 787 1968 habet,
811 1892 893 1971 quud
916 1892 1023 1952 onnia
1045 1910 1093 1952 so·

104 2035 105 2040 ,
170 1976 237 2037 lntn
255 1978 289 2035 iu
312 1972 445 2035 ecelesia
474 1976 537 2035 sint
563 1982 595 2035 et
620 1976 653 2033 in
682 1975 770 2035 coelo
800 1974 918 2052 solute,
948 1973 1002 2035 sed
1030 1978 1093 2035 non

171 2060 292 2120 videtur
313 2058 386 2117 hinc
406 2059 504 2136 sequi,
525 2056 608 2136 quod
629 2056 700 2117 ideo
724 2058 900 2118 omniasint
915 2057 1095 2136 simpliciter

171 2142 272 2204 soluta
292 2142 326 2201 in
348 2139 456 2218 coelo,
488 2140 543 2202 sed
571 2161 609 2200 ea
630 2140 797 2218 duntaxat,
828 2159 1029 2220 quaecunque
1061 2142 1092 2200 in

173 2226 307 2287 seclesin
328 2230 401 2284 suut
422 2223 534 2285 soluta.
575 2224 642 2284 Nec
663 2230 735 2284 sunt
754 2225 840 2302 parvi
861 2222 1010 2302 ponderis
1032 2223 1093 2283 hee

173 2310 251 2370 dnae
273 2307 475 2387 quaestiones
498 2307 719 2380 meoiudicio,
754 2305 792 2366 de
820 2305 928 2388 quibus
960 2306 1039 2366 torte
1060 2307 1092 2366 in

176 2391 378 2453 conclusione
397 2391 540 2468 aequanti
562 2407 662 2449 meum
684 2389 828 2450 iudicium
842 2389 931 2449 latius
944 2389 1092 2468 aperiam.

481 2551 696 2614 Conclusio
720 2554 782 2613 Vll.

252 2659 339 2720 Nulli
361 2675 488 2738 prorsus
508 2659 636 2719 remittit
649 2659 734 2720 Deus
756 2657 887 2740 culpem,
910 2657 982 2737 quin
1005 2659 1094 2720 simul

178 2763 244 2804 eum
266 2741 414 2804 subiiciet
434 2741 465 2800 in
487 2739 629 2801 omnibus
652 2741 840 2802 humiliatum
863 2739 1015 2802 sacerdoti
1037 2757 1093 2802 suo

177 2845 300 2888 vicario.
1106 2877 1109 2889 .

252 2908 344 2968 Hanc
364 2924 487 2982 assero,
509 2925 569 2966 nec
592 2911 664 2987 eget
684 2907 890 2988 disputatione
911 2913 964 2967 eut
980 2905 1095 3051 groba-

179 2993 275 3068 tione,
304 2995 393 3050 tauto
424 2989 560 3049 omnium
582 3007 734 3050 consensu
757 2989 936 3070 approbata.
1003 2985 1094 3050 edin

182 3071 467 3154 eius'iutelllgentia
487 3071 589 3132 adhuc
608 3071 727 3134 laboro.
769 3073 809 3132 Et
840 3079 873 3133 ut
898 3080 1000 3133 meum
1030 3091 1096 3134 seu-

182 3175 241 3216 sum
264 3154 374 3215 stultus
396 3154 495 3235 primo
517 3153 632 3233 dicem,
665 3155 735 3234 quie
762 3157 821 3216 ista
843 3173 910 3216 curn
935 3173 988 3216 sue
1010 3173 1096 3234 pree-

183 3239 306 3300 cedente
336 3237 535 3297 conclusione
562 3237 593 3296 id
621 3245 777 3314 esserunt,
811 3237 892 3317 quod
920 3235 1002 3297 Deus
1033 3254 1095 3296 nou

183 3324 314 3382 remittet
333 3320 472 3402 culpem,
499 3317 562 3380 ‘nisi
591 3321 631 3379 sit
652 3321 736 3400 prior
760 3321 899 3382 remissio
928 3315 1096 3379 sacerdotis

190 3405 308 3478 (saltem
330 3403 362 3462 lu
385 3400 496 3481 voto),
519 3403 597 3464 sicut
618 3404 700 3463 clere
721 3409 822 3466 textus
844 3409 950 3463 sonet:
993 3399 1097 3475 Quod-

188 3503 299 3568 cunque
318 3484 463 3566 ligaveris
481 3490 539 3544 etc.
569 3483 611 3545 Et
629 3485 705 3546 illud
726 3485 832 3547 Matth.
848 3489 883 3550 5:
907 3481 993 3544 Vade
1015 3483 1098 3563 prius

188 3569 373 3632 reconciliari
393 3567 478 3627 fratri
500 3574 581 3644 tuo,·
599 3575 631 3628 et
660 3576 731 3636 tunc
752 3565 1097 3634 venienscfferesmu-

190 3672 239 3714 nus
258 3660 352 3713 tuum.
394 3649 435 3710 Et
453 3647 592 3731 illud*):
616 3651 747 3713 Reddite
769 3649 903 3728 Caesari,
926 3669 1005 3730 quae
1027 3655 1097 3711 sunt

256 3800 286 3870 ‘)
307 3799 400 3854 llntth.
419 3798 463 3854 22.
530 3841 536 3850 .
616 3817 620 3826 ¹
