2600 4300
367 318 483 384 Fsffilv.
502 330 587 415 Prier
604 327 640 382 ul
660 330 691 382 l).
708 327 842 384 lieltutlt.
871 323 874 330 ’
1023 321 1065 392 87

148 497 243 558 beust
274 498 428 561 eeslssise
442 501 621 566 'universali
642 498 731 560 detis
762 498 973 574 sessulam,
1001 514 1063 559 usn

148 600 180 641 es
195 581 319 642 munus
341 582 524 662 sepiendum
552 585 606 659 sit,
637 584 724 662 qussi
747 580 888 642 omnibus
910 581 1062 648 esslssies

147 662 282 723 membris
305 664 398 725 dstee
419 666 486 733 sint,
508 672 561 725 eut
582 666 714 742 divisim,
735 672 789 724 eut
810 665 902 725 etiem
921 665 1064 726 soniuus-

146 749 207 824 tin,
234 746 291 806 esd
318 749 392 827 quie
419 748 510 809 detes
531 757 605 809 sunt
623 747 777 826 aliquibus
797 747 950 808 essleeiee
970 765 1064 808 mern-

147 829 216 906 bris‚
249 835 284 888 ut
310 830 403 892 Petro
434 832 577 912 primum,
599 831 749 911 apostolis
779 837 882 890 eutem
903 831 933 890 iu
957 828 1064 896 ordine

147 920 174 971 st
192 910 386 974 subiectione
409 915 449 974 ed
473 914 606 976 Petrum.

219 995 262 1054 Et
282 998 313 1059 6.
322 994 359 1075 k)
388 997 471 1076 quod
499 1015 697 1057 remanorum
728 995 906 1056 Pressulum
929 993 1065 1055 iurisdie-

146 1077 317 1220 §olbiam
350 1079 582 1142 solumneisr
613 1077 694 1160 eetl)
725 1078 824 1156 nulle,
858 1077 912 1138 sed
941 1096 980 1138 ne
1007 1095 1067 1157 per

146 1177 179 1237 qu
227 1218 230 1222 Δ
263 1207 272 1222 .

218 1243 261 1302 Et
285 1247 316 1307 7.
347 1240 435 1305 Multi
461 1243 536 1304 nsdi
563 1243 710 1304 adversus
738 1243 871 1318 distes)
895 1242 1067 1319 solvuntur,

146 1333 172 1384 et
190 1327 455 1406 preesipueillud,
478 1326 568 1388 Orbis
581 1327 681 1386 meisr
701 1332 748 1387 est
768 1325 851 1388 urbe.

209 1408 300 1488 ‘Oen
324 1411 353 1472 9.
398 1409 489 1485 Quod
514 1411 546 1469 in
575 1409 786 1470 eeslesiestise
814 1407 984 1470 bierershie
1004 1407 1064 1468 Rs-

146 1509 248 1552 menus
265 1491 394 1553 Preseul
409 1495 448 1552 sit
464 1511 602 1552 summus
618 1491 838 1568 hierarcham)
868 1491 969 1571 legum
993 1507 1064 1550 ssu·

146 1573 229 1651 diter,
252 1593 335 1653 quse
349 1594 391 1635 ex
411 1576 595 1635 necessitate
616 1573 724 1634 selutis
747 1569 896 1654 omneso)
919 1571 1064 1646 elllsient‚

146 1663 249 1717 senes
269 1657 496 1728 adversarium,
525 1663 713 1727 asserentem
735 1657 860 1717 desrete
881 1653 1064 1716 Pontifisurn

146 1746 172 1799 et
190 1739 389 1818 frigidissime
410 1747 441 1801 et
461 1740 535 1800 nihil
560 1759 639 1801 esse.

146 1905 155 1963 l
220 1822 262 1882 Et
281 1821 325 1883 ibi
348 1827 375 1886 1.
403 1824 486 1903 qued
507 1824 628 1884 remeni
648 1821 799 1903 praesulis
827 1822 906 1896 situ)
931 1819 1065 1882 uendere

155 1923 236 1984 eges.
621 1937 627 1942 -
668 1957 669 1962 ,

220 1987 261 2048 Et
282 1989 313 2050 2.
344 1985 427 2066 quud
456 1987 494 2048 de
527 1988 710 2048 necessitate
737 1986 844 2046 selutis
872 1986 910 2046 eit
938 1983 1066 2046 subesse

96 2086 97 2145 ζ
146 2069 259 2150 legibus
270 2075 303 2130 et
316 2070 491 2151 praeseptis
510 2071 630 2131 romani
646 2068 847 2146 Pontificius)
868 2067 940 2128 nibil
959 2073 1067 2128 esulre

96 2185 97 2204 ι
148 2154 200 2213 Dei
220 2159 389 2233 praesepta
409 2153 592 2218 mandentis.

223 2237 265 2296 Iit
285 2238 352 2314 3³)
382 2236 468 2315 qussi
486 2236 675 2297 heeretisum
699 2243 745 2297 est
768 2234 883 2311 disere,
913 2252 977 2295 nsu
998 2250 1068 2292 esse

96 2333 97 2338 ’
149 2319 184 2379 sb
231 2318 374 2379 omnibus
417 2318 692 2399 obtemperendum
743 2317 860 2397 iegibus
910 2314 1067 2377 Postilisis

150 2420 275 2461 remens.

227 2484 267 2545 Et
297 2485 329 2546 4.
363 2482 447 2563 qued
481 2483 652 2545 decretales
685 2482 836 2563 epietslse
871 2498 1068 2543 remensium

151 2566 343 2644 Psnu'lisum,
371 2566 464 2627 etiem
485 2584 550 2626 non
571 2566 673 2627 editee
693 2568 724 2625 in
748 2565 896 2645 sensilis,
924 2581 983 2625 nes
1004 2580 1069 2625 ser·

152 2651 214 2729 peri
245 2649 320 2710 iuris
354 2649 504 2727 insertae,
537 2657 569 2709 et
607 2650 700 2709 etiem
744 2666 851 2709 omues
894 2646 1070 2708 seustisnes

154 2730 396 2811 suseipiendw)
421 2739 492 2791 sust
512 2731 552 2792 eb
574 2731 716 2791 sensibus
739 2737 769 2791 et
791 2728 964 2791 exesutioni
987 2747 1070 2789 men·

156 2814 278 2875 lmese
697 2854 703 2866 ι

232 2896 307 2977 cap.
331 2900 379 2962 lO.
428 2895 520 2972 Quos
547 2897 579 2955 iu
601 2896 814 2956 seolseiestise
835 2894 1006 2955 hisrursbie
1024 2912 1071 2953 ro·

158 2979 394 3040 rnsuusPreeeul
416 2980 456 3039 sit
475 2998 614 3045 summus
634 2978 794 3039 bierershs
820 2977 913 3039 iudex
936 2977 1072 3039 omnium

157 3062 267 3138 selsel)
299 3061 404 3123 (livine
426 3064 609 3139 euteritete,
640 3066 749 3122 ssntre
770 3060 993 3137 adversarium,
1021 3058 1072 3139 qui

206 3312 240 3377 k)
261 3311 337 3366 ilsee
352 3311 446 3365 tutelis
465 3309 605 3380 silvester,
622 3324 680 3363 non
698 3310 839 3363 abortiens
851 3311 949 3363 mines.
978 3308 1004 3371 l)
1019 3306 1075 3360 Nes

163 3383 262 3436 Christi.
298 3386 343 3447 m)
357 3383 510 3437 Solvuntur
527 3397 576 3450 pet
594 3380 700 3434 elevem
713 3381 913 3434 Silvestrinsm.
950 3381 983 3441 n)
1005 3377 1077 3443 Quie

164 3470 212 3507 usu
228 3455 318 3508 eleves
338 3454 388 3507 sed
406 3454 500 3506 eleves
517 3454 609 3507 hebet.
640 3455 674 3516 ο)
694 3453 765 3505 Vere
778 3452 902 3505 sitisiunt
915 3456 943 3502 et
957 3450 1077 3519 perdunt

165 3529 270 3580 mines.
306 3527 342 3593 p)
355 3525 442 3593 Leges
461 3525 591 3589 esndere,
607 3523 638 3575 id
657 3530 706 3587 est,
726 3526 902 3592 exstinguere
919 3521 1075 3575 esslesism.

166 3597 194 3664 q]
212 3597 285 3650 Sient
299 3598 358 3649 lere
379 3598 482 3665 ubique
499 3599 571 3649 lesit.
601 3594 630 3662 r)
644 3594 705 3648 lms
717 3593 982 3648 christianissimum
994 3597 1076 3659 esset,

168 3669 258 3737 Pepenr
267 3668 354 3721 semel
365 3684 428 3720 sum
439 3670 498 3720 seis
505 3669 679 3735 impiissimis
688 3666 797 3735 legibus
814 3665 934 3719 abolere.
971 3667 1002 3727 s)
1023 3664 1077 3717 sei-

168 3739 222 3792 liset
238 3746 267 3791 ut
283 3739 402 3794 ecclesie
419 3739 560 3792 heerstise
577 3740 640 3802 fiet,
666 3754 701 3791 ex
719 3740 864 3791 haereticis
883 3736 1076 3791 decretalibus.

172 3812 194 3876 (t
209 3811 366 3866 bivinsrum
383 3816 414 3866 et
429 3809 600 3865 Arlslsmm.
636 3808 695 3863 bles
711 3810 822 3863 mirum
