2600 4300
366 297 541 364 moron.
560 297 794 366 sufflamus.
1010 293 1051 374 ιι

209 477 421 560 Respondes:
450 479 573 542 Gratias
599 499 661 561 ago
693 480 747 542 tibi
777 499 869 560 quam
890 481 1051 556 maximus,

140 561 274 641 numquid
296 581 356 642 ego
378 561 464 623 aliud
486 562 582 642 nolui,
605 582 698 643 quam
721 563 804 642 quod
825 569 858 623 ιιι
879 563 930 624 hio
952 562 1054 624 diois?

140 645 194 709 Cur
213 663 288 726 ergo
317 663 410 724 supra
431 645 493 706 hoo
513 653 714 726 praeseptum
736 643 845 707 fulsum
867 645 1053 707 asserebas?

138 730 180 789 An
198 727 279 788 idem
310 725 393 807 apud
419 733 451 788 te
474 728 604 789 dirersis
636 729 714 790 loeis
751 735 783 790 et
810 745 916 790 verum
947 735 979 790 et
999 728 1054 788 ial-

138 831 196 871 snm
215 810 290 871 est?
318 810 410 891 Rogo
433 812 459 870 si
479 811 553 870 mihi
574 831 638 872 non
660 813 707 872 vis
730 811 866 890 eredere,
888 811 979 872 erede
1001 810 1054 871 ali-

139 893 249 973 quando
274 893 407 971 veritati,
429 900 463 953 ut
472 893 663 974 Augustinus
685 895 745 972 ait,
766 911 822 975 per
844 913 880 955 os
903 902 988 954 tunm
1009 892 1054 954 lo·

138 977 231 1056 quenti
251 975 325 1052 tibi,
354 975 494 1038 fortassis
519 977 676 1058 ignoranti
705 984 736 1038 et
764 979 872 1039 invito.
916 976 1053 1038 Admitto

138 1060 276 1139 optimam
306 1060 399 1120 istam
426 1059 669 1121 constitutionem
703 1059 771 1120 taisi
798 1060 955 1141 praesepti
982 1060 1055 1138 mei,

138 1161 188 1221 qua
206 1142 403 1202 verissimum
427 1161 498 1202 esse
519 1144 673 1205 astruitur.

189 1224 347 1304 Sequeris,
370 1225 442 1304 quia
465 1232 627 1304 utrumque
648 1225 759 1285 melius
780 1233 842 1303 est,
865 1243 957 1305 quarn
980 1225 1053 1285 alte·

137 1327 193 1367 rum
213 1307 244 1386 ¹)
273 1314 333 1368 eta.
364 1307 477 1388 Magne
499 1308 599 1388 Deus,
632 1315 748 1387 quante
770 1316 817 1368 est
838 1309 884 1368 vis
906 1309 1053 1384 veritatis,

137 1398 165 1450 ιι
182 1391 320 1451 οιιιιιιιιιιι
345 1409 380 1452 se
408 1389 575 1451 fortissime
597 1399 720 1452 tueatur
746 1409 802 1471 per
830 1409 866 1452 os
894 1389 1054 1451 detrahen-

137 1475 201 1533 tinm
222 1471 293 1535 sibi.
315 1471 363 1534 Tu
381 1474 433 1552 qui
453 1471 545 1534 bonis
566 1491 600 1534 es
612 1473 781 1553 disciplinis
802 1472 1054 1534 institntnstheo-

136 1557 226 1636 lngus,
248 1555 332 1617 does
352 1575 422 1634 me,
443 1574 579 1635 quaeso,
601 1553 758 1635 quomodo
781 1556 859 1620 haee
881 1555 942 1617 duo
964 1556 1054 1616 simul

137 1646 208 1699 sture
228 1639 374 1718 possint,
408 1657 512 1698 amare
539 1645 572 1699 et
600 1657 749 1717 quaerere
766 1656 885 1719 poenas
914 1646 946 1700 et
966 1639 1053 1699 satis-

137 1722 289 1798 tsotiones,
311 1721 403 1781 simul
425 1722 517 1781 etism
540 1723 654 1782 remitti
675 1729 706 1782 et
725 1740 874 1801 quaerere
895 1720 1054 1802 indulgen-

137 1804 208 1864 tias?
250 1803 334 1879 Quia
354 1823 447 1863 unum
463 1803 596 1880 illorum,
618 1812 653 1864 nt
673 1806 728 1882 ais,
752 1807 818 1865 sine
840 1803 937 1866 sltero
954 1807 1054 1865 minus

138 1894 186 1963 est,
206 1893 377 1966 utrumque
394 1893 498 1947 autem
517 1887 627 1948 melius
650 1894 707 1962 est,
728 1887 760 1947 id
782 1895 839 1967 est,
860 1887 992 1950 utsimul
1007 1905 1052 1946 sa

137 1970 263 2030 tisiaoias
292 1976 326 2030 et
348 1969 439 2030 simul
461 1970 585 2030 omittas
607 1970 864 2048 satisfactionem,
901 1961 994 2050 quod¹
1007 1977 1054 2030 est
1173 2045 1175 2048 Ι

137 2051 212 2113 aliud
232 2051 311 2112 nihil
332 2070 425 2131 quam
448 2071 517 2112 eum
540 2053 670 2131 ratione,
691 2059 725 2113 ut
746 2053 799 2114 ille
815 2054 866 2131 eit,
889 2053 1033 2114 insanire.

191 2135 358 2216 Sequeris,
386 2134 439 2197 ubi
460 2154 534 2196 vero
556 2155 680 2217 poenas
708 2135 824 2197 nullum
846 2134 961 2198 bonnm
982 2133 1054 2197 effe·

137 2225 208 2298 runt,
229 2218 286 2280 sed
308 2218 464 2279 retardant
486 2239 506 2279 a
528 2218 611 2281 bono
626 2220 755 2301 gloriae,
775 2222 898 2301 poeitae
919 2236 985 2281 non
1007 2236 1054 2279 as·

138 2309 289 2363 sumuntur
314 2308 373 2362 eto.
414 2301 463 2361 De
493 2302 541 2361 his
574 2302 733 2364 oonolusio
770 2322 839 2363 mea
871 2300 946 2363 nihil
967 2301 1054 2379 dixit,

138 2384 242 2445 suffieit
262 2384 354 2461 mihi,
382 2383 465 2463 quod
487 2384 581 2445 etiam
602 2391 655 2445 tuo
678 2386 856 2447 testimonio
874 2386 914 2445 sit
935 2385 1054 2445 verissi-

138 2487 182 2527 ma
200 2486 258 2548 pro
279 2467 341 2528 hae
361 2468 434 2545 vita,
455 2467 514 2527 nisi
537 2468 621 2545 quod
642 2469 753 2529 iterum
775 2466 867 2529 doleo
890 2467 952 2528 divi
973 2466 1053 2529 'rno-

139 2570 201 2611 mae
216 2551 318 2611 vioem
340 2556 372 2609 et
392 2551 536 2610 miseram
557 2568 632 2611 snae
645 2549 820 2612 discordiae
841 2557 966 2628 sortem,
982 2552 1055 2630 quis

138 2633 211 2693 hano
228 2632 464 2695 eonelusionem
485 2632 596 2712 probat
615 2635 649 2693 in
673 2632 776 2713 ltalia,
810 2638 842 2697 et
870 2632 996 2694 dsmnat
1021 2634 1054 2693 in

139 2715 306 2777 Germanis.
329 2714 471 2777 Seonndo
492 2715 575 2775 istud
595 2714 775 2797 figmentum
795 2722 879 2777 tuum
892 2723 949 2793 est,
971 2716 1054 2795 qnod

139 2817 252 2879 poenae
277 2800 310 2859 in
331 2798 510 2879 purgatorio
532 2817 596 2859 non
616 2798 748 2860 afferunt
769 2798 894 2863 bonum.
926 2798 1054 2859 Contra·

139 2883 209 2941 rium
230 2882 312 2943 enim
333 2882 474 2962 superius
496 2882 579 2941 tenui
601 2890 632 2942 et
653 2880 791 2963 defendi,
824 2880 981 2962 usquead
1003 2880 1055 2943 de·

139 2966 377 3025 terminationem
401 2963 534 3025 oonoilii.

215 3047 335 3123 Tertio,
364 3048 443 3108 ratio
466 3052 519 3107 tua
540 3046 615 3107 nihil
637 3048 738 3127 valet,
761 3047 844 3129 quod
868 3048 960 3109 etiam
982 3066 1055 3127 pos·
1100 3106 1108 3119 ,

139 3149 194 3189 nae
215 3136 245 3191 et
265 3149 362 3210 opere
381 3130 470 3191 huius
497 3131 579 3190 ritae
600 3130 758 3191 retardant
785 3131 902 3193 abono
926 3130 1054 3211 gloriae,

140 3219 294 3275 ettamen
323 3218 538 3294 assumuntur,
566 3213 630 3274 imo
672 3212 724 3297 (ut
753 3213 877 3293 quidam
904 3212 936 3292 ²)
963 3220 1055 3273 etus

140 3302 236 3374 reeta,
267 3276 463 3357 doetsssimus
484 3294 602 3356 Dootor
629 3296 789 3358 iohannes
810 3296 957 3357 Taulerns
992 3296 1051 3373 eit)
1129 3356 1131 3360 ,

140 3379 165 3437 si
183 3378 301 3439 eoelum
330 3397 435 3440 eoram
462 3385 494 3439 te
521 3386 661 3458 apertum
688 3387 787 3459 esset,
821 3378 921 3441 adhue
940 3378 1055 3438 intrare

141 3479 201 3521 non
223 3460 357 3540 deberes,
378 3462 437 3523 nisi
458 3461 589 3541 primurn
609 3462 802 3524 voluntatem
819 3462 878 3523 Dei
900 3480 992 3541 super
1011 3461 1056 3521 in·

141 3545 234 3604 troitu
252 3544 443 3624 consuleres,
464 3550 498 3603 ut
518 3544 611 3605 etiam
632 3546 664 3604 in
685 3545 795 3627 glotis,
817 3562 879 3607 non
902 3563 981 3625 quae
1002 3550 1056 3604 tus

194 3805 224 3873 1)
242 3806 272 3859 ln
288 3806 331 3861 eu
351 3806 425 3861 iem:
447 3806 573 3861 alteram.
609 3805 642 3871 2)
662 3804 745 3858 Ibid.:
765 3804 886 3874 quidem.

171 3908 746 3964 uusnopp.v.asorsr.uuttn.voun.
869 3910 890 3974 4
