<?xml version="1.0" encoding="UTF-8"?>
<!DOCTYPE html PUBLIC "-//W3C//DTD XHTML 1.0 Transitional//EN"
    "http://www.w3.org/TR/xhtml1/DTD/xhtml1-transitional.dtd">
<html xmlns="http://www.w3.org/1999/xhtml" xml:lang="en" lang="en">
 <head>
  <title>
</title>
<meta http-equiv="Content-Type" content="text/html;charset=utf-8" />
  <meta name='ocr-system' content='tesseract 3.04.00' />
  <meta name='ocr-capabilities' content='ocr_page ocr_carea ocr_par ocr_line ocrx_word'/>
</head>
<body>
  <div class='ocr_page' id='page_1' title='image "./operalatinavari06schmgoog_0367.png"; bbox 0 0 2600 4300; ppageno 0'>
   <div class='ocr_carea' id='block_1_1' title="bbox 466 337 1185 458">
    <p class='ocr_par' dir='ltr' id='par_1_1' title="bbox 466 337 1185 458">
     <span class='ocr_line' id='line_1_1' title="bbox 466 337 1185 458; baseline 0.018 -15"><span class='ocrx_word' id='word_1_1' title='bbox 466 388 593 458; x_wconf 79' lang='lat' dir='ltr'><strong>Epistola</strong></span> <span class='ocrx_word' id='word_1_2' title='bbox 610 388 709 445; x_wconf 81' lang='lat' dir='ltr'><strong>Leonis</strong></span> <span class='ocrx_word' id='word_1_3' title='bbox 728 388 758 441; x_wconf 86' lang='lat' dir='ltr'><strong>ll.</strong></span> <span class='ocrx_word' id='word_1_4' title='bbox 791 392 813 414; x_wconf 62' lang='lat'><strong>&#39;¹</strong></span> <span class='ocrx_word' id='word_1_5' title='bbox 992 337 997 357; x_wconf 29' lang='lat' dir='ltr'><strong>l</strong></span> <span class='ocrx_word' id='word_1_6' title='bbox 1017 384 1079 453; x_wconf 67' lang='grc'><strong>367</strong></span> <span class='ocrx_word' id='word_1_7' title='bbox 1177 344 1185 355; x_wconf 63' lang='lat'><strong><em>‘</em></strong></span> 
     </span>
    </p>
   </div>
   <div class='ocr_carea' id='block_1_2' title="bbox 149 552 1095 1466">
    <p class='ocr_par' dir='ltr' id='par_1_2' title="bbox 149 552 1080 1055">
     <span class='ocr_line' id='line_1_2' title="bbox 150 552 1079 641; baseline 0.005 -24"><span class='ocrx_word' id='word_1_8' title='bbox 150 558 297 641; x_wconf 80' lang='lat' dir='ltr'><strong>sitatnm,</strong></span> <span class='ocrx_word' id='word_1_9' title='bbox 321 564 353 620; x_wconf 86' lang='lat' dir='ltr'><strong>st</strong></span> <span class='ocrx_word' id='word_1_10' title='bbox 373 558 597 639; x_wconf 84' lang='lat' dir='ltr'><strong>Potentatuum,</strong></span> <span class='ocrx_word' id='word_1_11' title='bbox 620 576 658 619; x_wconf 83' lang='lat' dir='ltr'><strong>ac</strong></span> <span class='ocrx_word' id='word_1_12' title='bbox 667 556 829 620; x_wconf 85' lang='lat' dir='ltr'><strong>cuiuslibet</strong></span> <span class='ocrx_word' id='word_1_13' title='bbox 840 576 946 621; x_wconf 87' lang='lat' dir='ltr'><strong>eorum</strong></span> <span class='ocrx_word' id='word_1_14' title='bbox 967 552 1079 622; x_wconf 75' lang='lat' dir='ltr'><strong>Civita</strong></span> 
     </span>
     <span class='ocr_line' id='line_1_3' title="bbox 151 638 1080 723; baseline 0.004 -22"><span class='ocrx_word' id='word_1_15' title='bbox 151 645 212 719; x_wconf 87' lang='lat' dir='ltr'><strong>tes,</strong></span> <span class='ocrx_word' id='word_1_16' title='bbox 235 638 370 722; x_wconf 87' lang='lat' dir='ltr'><strong>oppida,</strong></span> <span class='ocrx_word' id='word_1_17' title='bbox 396 649 494 703; x_wconf 83' lang='lat' dir='ltr'><strong>terras</strong></span> <span class='ocrx_word' id='word_1_18' title='bbox 517 649 553 703; x_wconf 71' lang='lat' dir='ltr'><strong>et‘</strong></span> <span class='ocrx_word' id='word_1_19' title='bbox 569 642 649 718; x_wconf 79' lang='lat' dir='ltr'><strong>loca,</strong></span> <span class='ocrx_word' id='word_1_20' title='bbox 672 658 731 701; x_wconf 89' lang='lat' dir='ltr'><strong>nee</strong></span> <span class='ocrx_word' id='word_1_21' title='bbox 752 662 815 703; x_wconf 92' lang='lat' dir='ltr'><strong>non</strong></span> <span class='ocrx_word' id='word_1_22' title='bbox 837 639 993 719; x_wconf 69' lang='lat' dir='ltr'><strong>civitates,</strong></span> <span class='ocrx_word' id='word_1_23' title='bbox 1024 656 1080 723; x_wconf 73' lang='lat' dir='ltr'><strong>‘op-</strong></span> 
     </span>
     <span class='ocr_line' id='line_1_4' title="bbox 149 723 1079 805; baseline 0.002 -22"><span class='ocrx_word' id='word_1_24' title='bbox 149 723 237 803; x_wconf 86' lang='lat' dir='ltr'><strong>pida,</strong></span> <span class='ocrx_word' id='word_1_25' title='bbox 263 732 379 803; x_wconf 88' lang='lat' dir='ltr'><strong>terras,</strong></span> <span class='ocrx_word' id='word_1_26' title='bbox 401 732 432 786; x_wconf 91' lang='lat' dir='ltr'><strong>et</strong></span> <span class='ocrx_word' id='word_1_27' title='bbox 454 726 535 804; x_wconf 88' lang='lat' dir='ltr'><strong>loca,</strong></span> <span class='ocrx_word' id='word_1_28' title='bbox 556 724 596 785; x_wconf 88' lang='lat' dir='ltr'><strong>sd</strong></span> <span class='ocrx_word' id='word_1_29' title='bbox 617 739 697 805; x_wconf 85' lang='lat' dir='ltr'><strong>quae</strong></span> <span class='ocrx_word' id='word_1_30' title='bbox 718 724 906 805; x_wconf 86' lang='lat' dir='ltr'><strong>praedictum</strong></span> <span class='ocrx_word' id='word_1_31' title='bbox 917 726 1079 787; x_wconf 80' lang='lat' dir='ltr'><strong>Martinum</strong></span> 
     </span>
     <span class='ocr_line' id='line_1_5' title="bbox 151 804 1078 888; baseline 0.002 -22"><span class='ocrx_word' id='word_1_32' title='bbox 151 804 316 867; x_wconf 83' lang='lat' dir='ltr'><strong>declinare</strong></span> <span class='ocrx_word' id='word_1_33' title='bbox 338 808 520 888; x_wconf 83' lang='lat' dir='ltr'><strong>contigerit,</strong></span> <span class='ocrx_word' id='word_1_34' title='bbox 550 807 652 868; x_wconf 88' lang='lat' dir='ltr'><strong>donec</strong></span> <span class='ocrx_word' id='word_1_35' title='bbox 674 806 773 868; x_wconf 91' lang='lat' dir='ltr'><strong>dictus</strong></span> <span class='ocrx_word' id='word_1_36' title='bbox 795 807 942 869; x_wconf 88' lang='lat' dir='ltr'><strong>Martinus</strong></span> <span class='ocrx_word' id='word_1_37' title='bbox 964 805 1078 870; x_wconf 85' lang='lat' dir='ltr'>ibidem</span> 
     </span>
     <span class='ocr_line' id='line_1_6' title="bbox 149 890 1080 971; baseline 0.001 -21"><span class='ocrx_word' id='word_1_38' title='bbox 149 891 374 969; x_wconf 75' lang='lat' dir='ltr'>permanserit,</span> <span class='ocrx_word' id='word_1_39' title='bbox 397 897 428 951; x_wconf 90' lang='lat' dir='ltr'><strong>st</strong></span> <span class='ocrx_word' id='word_1_40' title='bbox 448 910 504 971; x_wconf 91' lang='lat' dir='ltr'><strong>per</strong></span> <span class='ocrx_word' id='word_1_41' title='bbox 524 890 656 953; x_wconf 91' lang='lat' dir='ltr'><strong>triduum</strong></span> <span class='ocrx_word' id='word_1_42' title='bbox 670 898 751 971; x_wconf 88' lang='lat' dir='ltr'><strong>post,</strong></span> <span class='ocrx_word' id='word_1_43' title='bbox 768 890 979 952; x_wconf 86' lang='lat' dir='ltr'><strong>ecclesiastico</strong></span> <span class='ocrx_word' id='word_1_44' title='bbox 991 890 1080 952; x_wconf 89' lang='lat' dir='ltr'><strong>subii·</strong></span> 
     </span>
     <span class='ocr_line' id='line_1_7' title="bbox 151 972 536 1055; baseline -0.003 -23"><span class='ocrx_word' id='word_1_45' title='bbox 151 972 254 1033; x_wconf 90' lang='lat' dir='ltr'><strong>cimus</strong></span> <span class='ocrx_word' id='word_1_46' title='bbox 275 972 462 1055; x_wconf 64' lang='lat' dir='ltr'><strong>interdicto,</strong></span> <span class='ocrx_word' id='word_1_47' title='bbox 528 1023 536 1031; x_wconf 91' lang='lat'><em>.</em></span> 
     </span>
    </p>

    <p class='ocr_par' dir='ltr' id='par_1_3' title="bbox 151 1050 1095 1466">
     <span class='ocr_line' id='line_1_8' title="bbox 239 1050 1080 1137; baseline 0.002 -22"><span class='ocrx_word' id='word_1_48' title='bbox 239 1056 427 1117; x_wconf 79' lang='lat' dir='ltr'><strong>Mandantes</strong></span> <span class='ocrx_word' id='word_1_49' title='bbox 446 1056 644 1129; x_wconf 74' lang='lat' dir='ltr'><strong>nihilominus</strong></span> <span class='ocrx_word' id='word_1_50' title='bbox 662 1056 804 1117; x_wconf 85' lang='lat' dir='ltr'><strong>omnibus</strong></span> <span class='ocrx_word' id='word_1_51' title='bbox 818 1063 848 1125; x_wconf 88' lang='lat' dir='ltr'><strong>et</strong></span> <span class='ocrx_word' id='word_1_52' title='bbox 856 1050 987 1137; x_wconf 78' lang='lat' dir='ltr'><strong>singulis</strong></span> <span class='ocrx_word' id='word_1_53' title='bbox 995 1056 1080 1117; x_wconf 89' lang='lat' dir='ltr'><strong>Prin-</strong></span> 
     </span>
     <span class='ocr_line' id='line_1_9' title="bbox 151 1138 1080 1218; baseline 0.001 -20"><span class='ocrx_word' id='word_1_54' title='bbox 151 1138 328 1218; x_wconf 75' lang='lat' dir='ltr'><strong>cipibusl),</strong></span> <span class='ocrx_word' id='word_1_55' title='bbox 350 1138 636 1218; x_wconf 75' lang='lat' dir='ltr'><strong>Communitatibus,</strong></span> <span class='ocrx_word' id='word_1_56' title='bbox 659 1138 913 1199; x_wconf 87' lang='lat' dir='ltr'><strong>Universitatibus</strong></span> <span class='ocrx_word' id='word_1_57' title='bbox 929 1138 1080 1205; x_wconf 84' lang='lat' dir='ltr'><strong>etPoten-</strong></span> 
     </span>
     <span class='ocr_line' id='line_1_10' title="bbox 151 1220 1080 1302; baseline 0.002 -21"><span class='ocrx_word' id='word_1_58' title='bbox 151 1220 272 1282; x_wconf 91' lang='lat' dir='ltr'><strong>tatibus</strong></span> <span class='ocrx_word' id='word_1_59' title='bbox 292 1221 466 1302; x_wconf 85' lang='lat' dir='ltr'><strong>praedictis,</strong></span> <span class='ocrx_word' id='word_1_60' title='bbox 488 1222 568 1282; x_wconf 89' lang='lat' dir='ltr'><strong>ultra</strong></span> <span class='ocrx_word' id='word_1_61' title='bbox 587 1222 741 1302; x_wconf 84' lang='lat' dir='ltr'><strong>praelatas</strong></span> <span class='ocrx_word' id='word_1_62' title='bbox 763 1240 891 1301; x_wconf 87' lang='lat' dir='ltr'><strong>poenas,</strong></span> <span class='ocrx_word' id='word_1_63' title='bbox 914 1221 1015 1301; x_wconf 84' lang='lat' dir='ltr'><strong>quoad</strong></span> <span class='ocrx_word' id='word_1_64' title='bbox 1033 1240 1080 1283; x_wconf 78' lang='lat' dir='ltr'><strong>ee</strong></span> 
     </span>
     <span class='ocr_line' id='line_1_11' title="bbox 153 1304 1095 1388; baseline 0 -25"><span class='ocrx_word' id='word_1_65' title='bbox 153 1304 352 1365; x_wconf 87' lang='lat' dir='ltr'><strong>clesiasticos</strong></span> <span class='ocrx_word' id='word_1_66' title='bbox 374 1313 405 1367; x_wconf 86' lang='lat' dir='ltr'><strong>et</strong></span> <span class='ocrx_word' id='word_1_67' title='bbox 426 1304 582 1385; x_wconf 80' lang='lat' dir='ltr'><strong>regulares</strong></span> <span class='ocrx_word' id='word_1_68' title='bbox 610 1304 786 1384; x_wconf 88' lang='lat' dir='ltr'><strong>praedictos</strong></span> <span class='ocrx_word' id='word_1_69' title='bbox 815 1304 870 1365; x_wconf 93' lang='lat' dir='ltr'><strong>sub</strong></span> <span class='ocrx_word' id='word_1_70' title='bbox 899 1304 1095 1388; x_wconf 29' lang='lat' dir='ltr'><strong>privationis-¹</strong></span> 
     </span>
     <span class='ocr_line' id='line_1_12' title="bbox 152 1386 1084 1466; baseline 0 -19"><span class='ocrx_word' id='word_1_71' title='bbox 152 1386 372 1465; x_wconf 84' lang='lat' dir='ltr'><strong>ecclesiarum,</strong></span> <span class='ocrx_word' id='word_1_72' title='bbox 382 1388 649 1466; x_wconf 72' lang='lat' dir='ltr'><strong>monasteriorum,</strong></span> <span class='ocrx_word' id='word_1_73' title='bbox 672 1395 703 1448; x_wconf 90' lang='lat' dir='ltr'><strong>et</strong></span> <span class='ocrx_word' id='word_1_74' title='bbox 718 1387 848 1447; x_wconf 91' lang='lat' dir='ltr'><strong>aliorum</strong></span> <span class='ocrx_word' id='word_1_75' title='bbox 862 1386 1084 1463; x_wconf 84' lang='lat' dir='ltr'><strong>beneficiorum</strong></span> 
     </span>
    </p>
   </div>
   <div class='ocr_carea' id='block_1_3' title="bbox 152 1469 1208 1555">
    <p class='ocr_par' dir='ltr' id='par_1_4' title="bbox 152 1469 1208 1555">
     <span class='ocr_line' id='line_1_13' title="bbox 152 1469 1208 1555; baseline 0 -24"><span class='ocrx_word' id='word_1_76' title='bbox 152 1470 450 1547; x_wconf 87' lang='lat' dir='ltr'><strong>ecclesiasticorum,</strong></span> <span class='ocrx_word' id='word_1_77' title='bbox 473 1489 532 1530; x_wconf 89' lang='lat' dir='ltr'><strong>neo</strong></span> <span class='ocrx_word' id='word_1_78' title='bbox 552 1488 615 1530; x_wconf 91' lang='lat' dir='ltr'><strong>non</strong></span> <span class='ocrx_word' id='word_1_79' title='bbox 637 1469 897 1531; x_wconf 84' lang='lat' dir='ltr'><strong>inhabilitatis-ad</strong></span> <span class='ocrx_word' id='word_1_80' title='bbox 915 1478 953 1531; x_wconf 81' lang='lat' dir='ltr'><strong>ea</strong></span> <span class='ocrx_word' id='word_1_81' title='bbox 972 1471 1003 1529; x_wconf 94' lang='lat' dir='ltr'><strong>in</strong></span> <span class='ocrx_word' id='word_1_82' title='bbox 1026 1486 1093 1551; x_wconf 49' lang='lat' dir='ltr'><strong>pc&lt;</strong></span> <span class='ocrx_word' id='word_1_83' title='bbox 1206 1548 1208 1555; x_wconf 18' lang='lat' dir='ltr'>y</span> 
     </span>
    </p>
   </div>
   <div class='ocr_carea' id='block_1_4' title="bbox 96 1552 1180 3780">
    <p class='ocr_par' dir='ltr' id='par_1_5' title="bbox 151 1552 1156 2442">
     <span class='ocr_line' id='line_1_14' title="bbox 151 1552 1080 1633; baseline -0.002 -20"><span class='ocrx_word' id='word_1_84' title='bbox 151 1560 273 1614; x_wconf 90' lang='lat' dir='ltr'><strong>sterum</strong></span> <span class='ocrx_word' id='word_1_85' title='bbox 308 1552 489 1631; x_wconf 85' lang='lat' dir='ltr'><strong>obtinenda,</strong></span> <span class='ocrx_word' id='word_1_86' title='bbox 527 1553 702 1633; x_wconf 86' lang='lat' dir='ltr'><strong>privatione</strong></span> <span class='ocrx_word' id='word_1_87' title='bbox 737 1570 860 1632; x_wconf 87' lang='lat' dir='ltr'><strong>quoque</strong></span> <span class='ocrx_word' id='word_1_88' title='bbox 891 1552 1080 1613; x_wconf 83' lang='lat' dir='ltr'><strong>Feudornm:</strong></span> 
     </span>
     <span class='ocr_line' id='line_1_15' title="bbox 152 1634 1081 1716; baseline 0 -21"><span class='ocrx_word' id='word_1_89' title='bbox 152 1655 217 1716; x_wconf 91' lang='lat' dir='ltr'><strong>quo</strong></span> <span class='ocrx_word' id='word_1_90' title='bbox 242 1655 319 1697; x_wconf 84' lang='lat' dir='ltr'><strong>vero</strong></span> <span class='ocrx_word' id='word_1_91' title='bbox 341 1636 381 1696; x_wconf 86' lang='lat' dir='ltr'><strong>ad</strong></span> <span class='ocrx_word' id='word_1_92' title='bbox 403 1636 529 1715; x_wconf 83' lang='lat' dir='ltr'><strong>laicos,</strong></span> <span class='ocrx_word' id='word_1_93' title='bbox 553 1635 679 1715; x_wconf 91' lang='lat' dir='ltr'><strong>dempto</strong></span> <span class='ocrx_word' id='word_1_94' title='bbox 701 1634 859 1716; x_wconf 82' lang='lat' dir='ltr'><strong>praedicto</strong></span> <span class='ocrx_word' id='word_1_95' title='bbox 882 1635 1081 1715; x_wconf 75' lang='lat' dir='ltr'><strong>Imperatore,</strong></span> 
     </span>
     <span class='ocr_line' id='line_1_16' title="bbox 151 1717 1125 1797; baseline -0.003 -18"><span class='ocrx_word' id='word_1_96' title='bbox 151 1719 313 1797; x_wconf 72' lang='lat' dir='ltr'>infamiae,</span> <span class='ocrx_word' id='word_1_97' title='bbox 334 1717 534 1779; x_wconf 73' lang='lat' dir='ltr'><strong>inhabilitatis</strong></span> <span class='ocrx_word' id='word_1_98' title='bbox 556 1717 595 1778; x_wconf 89' lang='lat' dir='ltr'><strong>ad</strong></span> <span class='ocrx_word' id='word_1_99' title='bbox 618 1736 726 1781; x_wconf 89' lang='lat' dir='ltr'><strong>omnes</strong></span> <span class='ocrx_word' id='word_1_100' title='bbox 745 1723 832 1778; x_wconf 87' lang='lat' dir='ltr'><strong>actus</strong></span> <span class='ocrx_word' id='word_1_101' title='bbox 844 1718 1010 1797; x_wconf 85' lang='lat' dir='ltr'><strong>legitimos,</strong></span> <span class='ocrx_word' id='word_1_102' title='bbox 1033 1733 1081 1777; x_wconf 89' lang='lat' dir='ltr'><strong>ec·</strong></span> <span class='ocrx_word' id='word_1_103' title='bbox 1121 1726 1125 1735; x_wconf 92' lang='lat'>&#39;</span> 
     </span>
     <span class='ocr_line' id='line_1_17' title="bbox 152 1798 1081 1881; baseline -0.001 -20"><span class='ocrx_word' id='word_1_104' title='bbox 152 1802 352 1862; x_wconf 87' lang='lat' dir='ltr'><strong>clesiasticae</strong></span> <span class='ocrx_word' id='word_1_105' title='bbox 379 1801 571 1880; x_wconf 87' lang='lat' dir='ltr'><strong>sepulturae,</strong></span> <span class='ocrx_word' id='word_1_106' title='bbox 607 1800 788 1880; x_wconf 82' lang='lat' dir='ltr'><strong>privationis</strong></span> <span class='ocrx_word' id='word_1_107' title='bbox 815 1817 937 1881; x_wconf 88' lang='lat' dir='ltr'><strong>quoque</strong></span> <span class='ocrx_word' id='word_1_108' title='bbox 964 1798 1081 1861; x_wconf 79' lang='lat' dir='ltr'><strong>Fando·</strong></span> 
     </span>
     <span class='ocr_line' id='line_1_18' title="bbox 152 1882 1081 1963; baseline -0.004 -18"><span class='ocrx_word' id='word_1_109' title='bbox 152 1905 235 1963; x_wconf 89' lang='lat' dir='ltr'><strong>rum,</strong></span> <span class='ocrx_word' id='word_1_110' title='bbox 258 1904 277 1944; x_wconf 87' lang='lat' dir='ltr'><strong>a</strong></span> <span class='ocrx_word' id='word_1_111' title='bbox 299 1883 389 1945; x_wconf 90' lang='lat' dir='ltr'><strong>nobis</strong></span> <span class='ocrx_word' id='word_1_112' title='bbox 411 1890 443 1943; x_wconf 94' lang='lat' dir='ltr'><strong>et</strong></span> <span class='ocrx_word' id='word_1_113' title='bbox 463 1883 538 1943; x_wconf 89' lang='lat' dir='ltr'><strong>sede</strong></span> <span class='ocrx_word' id='word_1_114' title='bbox 559 1882 741 1963; x_wconf 86' lang='lat' dir='ltr'><strong>apostolica,</strong></span> <span class='ocrx_word' id='word_1_115' title='bbox 764 1883 814 1943; x_wconf 90' lang='lat' dir='ltr'><strong>vel</strong></span> <span class='ocrx_word' id='word_1_116' title='bbox 838 1882 994 1963; x_wconf 76' lang='lat' dir='ltr'><strong>quibusvis</strong></span> <span class='ocrx_word' id='word_1_117' title='bbox 1013 1882 1081 1943; x_wconf 86' lang='lat' dir='ltr'><strong>aliie</strong></span> 
     </span>
     <span class='ocr_line' id='line_1_19' title="bbox 154 1964 1147 2046; baseline -0.004 -18"><span class='ocrx_word' id='word_1_118' title='bbox 154 1969 251 2028; x_wconf 87' lang='lat' dir='ltr'><strong>etiam</strong></span> <span class='ocrx_word' id='word_1_119' title='bbox 274 1964 462 2027; x_wconf 87' lang='lat' dir='ltr'><strong>secularibus</strong></span> <span class='ocrx_word' id='word_1_120' title='bbox 485 1966 698 2046; x_wconf 87' lang='lat' dir='ltr'><strong>obtentorum,</strong></span> <span class='ocrx_word' id='word_1_121' title='bbox 727 1966 852 2046; x_wconf 88' lang='lat' dir='ltr'><strong>poenis,</strong></span> <span class='ocrx_word' id='word_1_122' title='bbox 881 1984 919 2027; x_wconf 89' lang='lat' dir='ltr'><strong>eo</strong></span> <span class='ocrx_word' id='word_1_123' title='bbox 946 1966 1015 2045; x_wconf 84' lang='lat' dir='ltr'><strong>ipso</strong></span> <span class='ocrx_word' id='word_1_124' title='bbox 1037 1965 1081 2025; x_wconf 86' lang='lat' dir='ltr'><strong>in·</strong></span> <span class='ocrx_word' id='word_1_125' title='bbox 1142 2024 1147 2043; x_wconf 72' lang='lat'><strong>,</strong></span> 
     </span>
     <span class='ocr_line' id='line_1_20' title="bbox 154 2047 1081 2129; baseline -0.001 -19"><span class='ocrx_word' id='word_1_126' title='bbox 154 2048 335 2128; x_wconf 69' lang='lat' dir='ltr'><strong>curn-endis,</strong></span> <span class='ocrx_word' id='word_1_127' title='bbox 362 2055 511 2128; x_wconf 90' lang='lat' dir='ltr'><strong>quatenns</strong></span> <span class='ocrx_word' id='word_1_128' title='bbox 534 2048 680 2108; x_wconf 87' lang='lat' dir='ltr'><strong>mandata</strong></span> <span class='ocrx_word' id='word_1_129' title='bbox 700 2048 907 2129; x_wconf 84' lang='lat' dir='ltr'><strong>requisitionis</strong></span> <span class='ocrx_word' id='word_1_130' title='bbox 929 2054 961 2109; x_wconf 92' lang='lat' dir='ltr'><strong>et</strong></span> <span class='ocrx_word' id='word_1_131' title='bbox 980 2047 1081 2109; x_wconf 89' lang='lat' dir='ltr'><strong>horta·</strong></span> 
     </span>
     <span class='ocr_line' id='line_1_21' title="bbox 154 2128 1082 2212; baseline -0.005 -18"><span class='ocrx_word' id='word_1_132' title='bbox 154 2135 259 2194; x_wconf 88' lang='lat' dir='ltr'><strong>tiones</strong></span> <span class='ocrx_word' id='word_1_133' title='bbox 283 2140 352 2192; x_wconf 87' lang='lat' dir='ltr'><strong>tuas</strong></span> <span class='ocrx_word' id='word_1_134' title='bbox 373 2133 439 2193; x_wconf 88' lang='lat' dir='ltr'><strong>sine</strong></span> <span class='ocrx_word' id='word_1_135' title='bbox 462 2132 658 2212; x_wconf 82' lang='lat' dir='ltr'><strong>exceptione,</strong></span> <span class='ocrx_word' id='word_1_136' title='bbox 682 2130 924 2193; x_wconf 80' lang='lat' dir='ltr'><strong>contradictione</strong></span> <span class='ocrx_word' id='word_1_137' title='bbox 946 2136 977 2192; x_wconf 90' lang='lat' dir='ltr'><strong>et</strong></span> <span class='ocrx_word' id='word_1_138' title='bbox 992 2128 1082 2211; x_wconf 77' lang='lat' dir='ltr'><strong>repli-</strong></span> 
     </span>
     <span class='ocr_line' id='line_1_22' title="bbox 156 2213 1156 2296; baseline -0.002 -20"><span class='ocrx_word' id='word_1_139' title='bbox 156 2218 284 2276; x_wconf 84' lang='lat' dir='ltr'><strong>catione</strong></span> <span class='ocrx_word' id='word_1_140' title='bbox 305 2215 409 2296; x_wconf 86' lang='lat' dir='ltr'><strong>aliqua</strong></span> <span class='ocrx_word' id='word_1_141' title='bbox 430 2214 514 2274; x_wconf 91' lang='lat' dir='ltr'><strong>illico</strong></span> <span class='ocrx_word' id='word_1_142' title='bbox 538 2221 754 2294; x_wconf 85' lang='lat' dir='ltr'><strong>exsequantur,</strong></span> <span class='ocrx_word' id='word_1_143' title='bbox 777 2221 809 2275; x_wconf 92' lang='lat' dir='ltr'><strong>et</strong></span> <span class='ocrx_word' id='word_1_144' title='bbox 829 2233 848 2274; x_wconf 88' lang='lat' dir='ltr'><strong>a</strong></span> <span class='ocrx_word' id='word_1_145' title='bbox 866 2213 1007 2293; x_wconf 89' lang='lat' dir='ltr'><strong>consilio,</strong></span> <span class='ocrx_word' id='word_1_146' title='bbox 1030 2231 1081 2272; x_wconf 86' lang='lat' dir='ltr'><strong>uu·</strong></span> <span class='ocrx_word' id='word_1_147' title='bbox 1149 2269 1156 2274; x_wconf 93' lang='lat'>.</span> 
     </span>
     <span class='ocr_line' id='line_1_23' title="bbox 154 2294 1081 2378; baseline -0.004 -19"><span class='ocrx_word' id='word_1_148' title='bbox 154 2299 243 2378; x_wconf 82' lang='lat' dir='ltr'><strong>xilio,</strong></span> <span class='ocrx_word' id='word_1_149' title='bbox 265 2298 389 2376; x_wconf 81' lang='lat' dir='ltr'><strong>favore,</strong></span> <span class='ocrx_word' id='word_1_150' title='bbox 412 2301 444 2358; x_wconf 90' lang='lat' dir='ltr'><strong>et</strong></span> <span class='ocrx_word' id='word_1_151' title='bbox 464 2298 675 2378; x_wconf 87' lang='lat' dir='ltr'><strong>receptatione</strong></span> <span class='ocrx_word' id='word_1_152' title='bbox 698 2296 863 2376; x_wconf 85' lang='lat' dir='ltr'><strong>praedictis</strong></span> <span class='ocrx_word' id='word_1_153' title='bbox 885 2297 1011 2357; x_wconf 91' lang='lat' dir='ltr'><strong>omnino</strong></span> <span class='ocrx_word' id='word_1_154' title='bbox 1030 2294 1081 2355; x_wconf 88' lang='lat' dir='ltr'><strong>ab·</strong></span> 
     </span>
     <span class='ocr_line' id='line_1_24' title="bbox 157 2382 305 2442; baseline -0.014 0"><span class='ocrx_word' id='word_1_155' title='bbox 157 2382 305 2442; x_wconf 86' lang='lat' dir='ltr'><strong>stiucant.</strong></span> 
     </span>
    </p>

    <p class='ocr_par' dir='ltr' id='par_1_6' title="bbox 96 2459 1180 3780">
     <span class='ocr_line' id='line_1_25' title="bbox 226 2459 1081 2542; baseline -0.007 -18"><span class='ocrx_word' id='word_1_156' title='bbox 226 2461 465 2524; x_wconf 80' lang='lat' dir='ltr'><strong>·0bedientibus</strong></span> <span class='ocrx_word' id='word_1_157' title='bbox 482 2480 557 2522; x_wconf 89' lang='lat' dir='ltr'><strong>vero</strong></span> <span class='ocrx_word' id='word_1_158' title='bbox 565 2461 789 2542; x_wconf 87' lang='lat' dir='ltr'><strong>indulgentiam</strong></span> <span class='ocrx_word' id='word_1_159' title='bbox 800 2462 891 2520; x_wconf 88' lang='lat' dir='ltr'><strong>etiam</strong></span> <span class='ocrx_word' id='word_1_160' title='bbox 901 2459 1081 2540; x_wconf 78' lang='lat' dir='ltr'><strong>plenariam,</strong></span> 
     </span>
     <span class='ocr_line' id='line_1_26' title="bbox 157 2541 1082 2624; baseline -0.005 -18"><span class='ocrx_word' id='word_1_161' title='bbox 157 2565 212 2608; x_wconf 89' lang='lat' dir='ltr'><strong>seu</strong></span> <span class='ocrx_word' id='word_1_162' title='bbox 222 2544 607 2624; x_wconf 87' lang='lat' dir='ltr'><strong>retributionemaliquam,</strong></span> <span class='ocrx_word' id='word_1_163' title='bbox 616 2545 804 2624; x_wconf 81' lang='lat' dir='ltr'><strong>autgratism</strong></span> <span class='ocrx_word' id='word_1_164' title='bbox 815 2541 940 2622; x_wconf 83' lang='lat' dir='ltr'><strong>arbitrio</strong></span> <span class='ocrx_word' id='word_1_165' title='bbox 949 2549 1082 2602; x_wconf 89' lang='lat' dir='ltr'><strong>tuccon-</strong></span> 
     </span>
     <span class='ocr_line' id='line_1_27' title="bbox 158 2623 1082 2707; baseline -0.006 -17"><span class='ocrx_word' id='word_1_166' title='bbox 158 2628 309 2707; x_wconf 87' lang='lat' dir='ltr'><strong>cedendi,</strong></span> <span class='ocrx_word' id='word_1_167' title='bbox 339 2635 447 2687; x_wconf 91' lang='lat' dir='ltr'><strong>tenore</strong></span> <span class='ocrx_word' id='word_1_168' title='bbox 468 2628 673 2706; x_wconf 85' lang='lat' dir='ltr'><strong>praesentium</strong></span> <span class='ocrx_word' id='word_1_169' title='bbox 700 2625 754 2687; x_wconf 91' lang='lat' dir='ltr'><strong>tibi</strong></span> <span class='ocrx_word' id='word_1_170' title='bbox 777 2625 935 2686; x_wconf 86' lang='lat' dir='ltr'><strong>tribuimus</strong></span> <span class='ocrx_word' id='word_1_171' title='bbox 956 2623 1082 2684; x_wconf 74' lang='lat' dir='ltr'><strong>laculta</strong></span> 
     </span>
     <span class='ocr_line' id='line_1_28' title="bbox 158 2706 1084 2789; baseline -0.008 -16"><span class='ocrx_word' id='word_1_172' title='bbox 158 2720 239 2773; x_wconf 89' lang='lat' dir='ltr'><strong>tem:</strong></span> <span class='ocrx_word' id='word_1_173' title='bbox 268 2708 331 2772; x_wconf 82' lang='lat' dir='ltr'><strong>no‘n</strong></span> <span class='ocrx_word' id='word_1_174' title='bbox 354 2709 545 2770; x_wconf 79' lang='lat' dir='ltr'><strong>obstantibus</strong></span> <span class='ocrx_word' id='word_1_175' title='bbox 568 2707 825 2789; x_wconf 85' lang='lat' dir='ltr'><strong>exemptionibus,</strong></span> <span class='ocrx_word' id='word_1_176' title='bbox 847 2706 1029 2788; x_wconf 84' lang='lat' dir='ltr'><strong>privilegiis,</strong></span> <span class='ocrx_word' id='word_1_177' title='bbox 1052 2712 1084 2766; x_wconf 84' lang='lat' dir='ltr'><strong>et</strong></span> 
     </span>
     <span class='ocr_line' id='line_1_29' title="bbox 158 2788 1082 2871; baseline -0.009 -17"><span class='ocrx_word' id='word_1_178' title='bbox 158 2793 302 2871; x_wconf 90' lang='lat' dir='ltr'><strong>indultis,</strong></span> <span class='ocrx_word' id='word_1_179' title='bbox 330 2793 518 2868; x_wconf 89' lang='lat' dir='ltr'><strong>iuramento,</strong></span> <span class='ocrx_word' id='word_1_180' title='bbox 549 2791 784 2852; x_wconf 84' lang='lat' dir='ltr'><strong>confirmatione</strong></span> <span class='ocrx_word' id='word_1_181' title='bbox 813 2789 1001 2870; x_wconf 89' lang='lat' dir='ltr'><strong>apostolica,</strong></span> <span class='ocrx_word' id='word_1_182' title='bbox 1033 2788 1082 2847; x_wconf 86' lang='lat' dir='ltr'><strong>vel</strong></span> 
     </span>
     <span class='ocr_line' id='line_1_30' title="bbox 160 2870 1083 3015; baseline -0.007 -79"><span class='ocrx_word' id='word_1_183' title='bbox 160 2877 270 2957; x_wconf 81' lang='lat' dir='ltr'><strong>quavis</strong></span> <span class='ocrx_word' id='word_1_184' title='bbox 300 2873 442 2935; x_wconf 88' lang='lat' dir='ltr'><strong>firmitate</strong></span> <span class='ocrx_word' id='word_1_185' title='bbox 475 2875 537 2950; x_wconf 82' lang='lat' dir='ltr'><strong>alia</strong></span> <span class='ocrx_word' id='word_1_186' title='bbox 558 2874 726 2951; x_wconf 90' lang='lat' dir='ltr'><strong>roboratis,</strong></span> <span class='ocrx_word' id='word_1_187' title='bbox 755 2872 913 3015; x_wconf 70' lang='lat' dir='ltr'><strong>quibusvis</strong></span> <span class='ocrx_word' id='word_1_188' title='bbox 942 2870 1083 2932; x_wconf 78' lang='lat' dir='ltr'><strong>ecclesia</strong></span> 
     </span>
     <span class='ocr_line' id='line_1_31' title="bbox 160 2952 1083 3034; baseline -0.007 -15"><span class='ocrx_word' id='word_1_189' title='bbox 160 2960 246 3019; x_wconf 90' lang='lat' dir='ltr'><strong>sticis</strong></span> <span class='ocrx_word' id='word_1_190' title='bbox 269 2977 325 3018; x_wconf 90' lang='lat' dir='ltr'><strong>seu</strong></span> <span class='ocrx_word' id='word_1_191' title='bbox 336 2958 469 3017; x_wconf 80' lang='lat' dir='ltr'><strong>cuiusvis</strong></span> <span class='ocrx_word' id='word_1_192' title='bbox 487 2955 609 3017; x_wconf 85' lang='lat' dir='ltr'><strong>Ordinis</strong></span> <span class='ocrx_word' id='word_1_193' title='bbox 631 2963 663 3016; x_wconf 86' lang='lat' dir='ltr'><strong>et</strong></span> <span class='ocrx_word' id='word_1_194' title='bbox 683 2957 752 3015; x_wconf 90' lang='lat' dir='ltr'><strong>meu</strong></span> <span class='ocrx_word' id='word_1_195' title='bbox 775 2955 920 3015; x_wconf 80' lang='lat' dir='ltr'><strong>roantium</strong></span> <span class='ocrx_word' id='word_1_196' title='bbox 937 2952 1083 3034; x_wconf 84' lang='lat' dir='ltr'><strong>regulari-</strong></span> 
     </span>
     <span class='ocr_line' id='line_1_32' title="bbox 159 3036 1083 3119; baseline -0.01 -16"><span class='ocrx_word' id='word_1_197' title='bbox 159 3042 236 3119; x_wconf 93' lang='lat' dir='ltr'><strong>bus,</strong></span> <span class='ocrx_word' id='word_1_198' title='bbox 264 3039 419 3118; x_wconf 85' lang='lat' dir='ltr'><strong>ecclesiis,</strong></span> <span class='ocrx_word' id='word_1_199' title='bbox 449 3040 643 3099; x_wconf 77' lang='lat' dir='ltr'><strong>monasteriis</strong></span> <span class='ocrx_word' id='word_1_200' title='bbox 666 3039 732 3100; x_wconf 91' lang='lat' dir='ltr'><strong>sive</strong></span> <span class='ocrx_word' id='word_1_201' title='bbox 754 3038 847 3115; x_wconf 89' lang='lat' dir='ltr'><strong>locis,</strong></span> <span class='ocrx_word' id='word_1_202' title='bbox 869 3043 922 3097; x_wconf 88' lang='lat' dir='ltr'><strong>sut</strong></span> <span class='ocrx_word' id='word_1_203' title='bbox 943 3036 1083 3116; x_wconf 89' lang='lat' dir='ltr'><strong>personis</strong></span> 
     </span>
     <span class='ocr_line' id='line_1_33' title="bbox 161 3117 1180 3201; baseline -0.009 -16"><span class='ocrx_word' id='word_1_204' title='bbox 161 3126 256 3185; x_wconf 84' lang='lat' dir='ltr'><strong>etiam</strong></span> <span class='ocrx_word' id='word_1_205' title='bbox 278 3121 483 3199; x_wconf 89' lang='lat' dir='ltr'><strong>secularibus,</strong></span> <span class='ocrx_word' id='word_1_206' title='bbox 506 3120 742 3201; x_wconf 91' lang='lat' dir='ltr'><strong>quomodolibet</strong></span> <span class='ocrx_word' id='word_1_207' title='bbox 763 3120 937 3198; x_wconf 85' lang='lat' dir='ltr'><strong>concessis,</strong></span> <span class='ocrx_word' id='word_1_208' title='bbox 965 3117 1084 3178; x_wconf 86' lang='lat' dir='ltr'><strong>etiamsi</strong></span> <span class='ocrx_word' id='word_1_209' title='bbox 1172 3161 1180 3167; x_wconf 81' lang='grc'><strong>.-</strong></span> 
     </span>
     <span class='ocr_line' id='line_1_34' title="bbox 161 3199 1084 3284; baseline -0.009 -16"><span class='ocrx_word' id='word_1_210' title='bbox 161 3209 192 3268; x_wconf 93' lang='lat' dir='ltr'><strong>in</strong></span> <span class='ocrx_word' id='word_1_211' title='bbox 225 3207 270 3267; x_wconf 91' lang='lat' dir='ltr'><strong>eis</strong></span> <span class='ocrx_word' id='word_1_212' title='bbox 307 3210 466 3265; x_wconf 86' lang='lat' dir='ltr'><strong>caveretur</strong></span> <span class='ocrx_word' id='word_1_213' title='bbox 495 3223 659 3284; x_wconf 87' lang='lat' dir='ltr'><strong>expresse,</strong></span> <span class='ocrx_word' id='word_1_214' title='bbox 696 3203 778 3282; x_wconf 92' lang='lat' dir='ltr'><strong>quod</strong></span> <span class='ocrx_word' id='word_1_215' title='bbox 815 3199 1084 3277; x_wconf 83' lang='lat' dir='ltr'><strong>excommunicari,</strong></span> 
     </span>
     <span class='ocr_line' id='line_1_35' title="bbox 163 3283 1084 3370; baseline -0.009 -22"><span class='ocrx_word' id='word_1_216' title='bbox 163 3287 321 3370; x_wconf 89' lang='lat' dir='ltr'><strong>suspendi,</strong></span> <span class='ocrx_word' id='word_1_217' title='bbox 342 3285 481 3348; x_wconf 88' lang='lat' dir='ltr'><strong>interdici</strong></span> <span class='ocrx_word' id='word_1_218' title='bbox 504 3285 588 3357; x_wconf 83' lang='lat' dir='ltr'><strong>nullo</strong></span> <span class='ocrx_word' id='word_1_219' title='bbox 612 3283 704 3346; x_wconf 87' lang='lat' dir='ltr'><strong>modo</strong></span> <span class='ocrx_word' id='word_1_220' title='bbox 729 3287 857 3365; x_wconf 88' lang='lat' dir='ltr'><strong>possint,</strong></span> <span class='ocrx_word' id='word_1_221' title='bbox 879 3302 947 3356; x_wconf 84' lang='lat' dir='ltr'><strong>oum</strong></span> <span class='ocrx_word' id='word_1_222' title='bbox 968 3283 1084 3342; x_wconf 83' lang='lat' dir='ltr'><strong>irritan-</strong></span> 
     </span>
     <span class='ocr_line' id='line_1_36' title="bbox 96 3363 1084 3450; baseline -0.014 -15"><span class='ocrx_word' id='word_1_223' title='bbox 96 3375 101 3380; x_wconf 81' lang='grc'><em>’</em></span> <span class='ocrx_word' id='word_1_224' title='bbox 163 3373 200 3434; x_wconf 91' lang='lat' dir='ltr'><strong>tis</strong></span> <span class='ocrx_word' id='word_1_225' title='bbox 222 3371 342 3435; x_wconf 87' lang='lat' dir='ltr'><strong>decreti</strong></span> <span class='ocrx_word' id='word_1_226' title='bbox 363 3369 568 3450; x_wconf 88' lang='lat' dir='ltr'><strong>appositione,</strong></span> <span class='ocrx_word' id='word_1_227' title='bbox 591 3367 700 3446; x_wconf 89' lang='lat' dir='ltr'><strong>quibus</strong></span> <span class='ocrx_word' id='word_1_228' title='bbox 723 3365 828 3430; x_wconf 87' lang='lat' dir='ltr'><strong>eorum</strong></span> <span class='ocrx_word' id='word_1_229' title='bbox 851 3373 984 3440; x_wconf 87' lang='lat' dir='ltr'><strong>tenores,</strong></span> <span class='ocrx_word' id='word_1_230' title='bbox 1006 3381 1043 3424; x_wconf 87' lang='lat' dir='ltr'><strong>ac</strong></span> <span class='ocrx_word' id='word_1_231' title='bbox 1060 3363 1084 3422; x_wconf 90' lang='lat' dir='ltr'><strong>si</strong></span> 
     </span>
     <span class='ocr_line' id='line_1_37' title="bbox 164 3449 1083 3530; baseline -0.01 -15"><span class='ocrx_word' id='word_1_232' title='bbox 164 3454 202 3515; x_wconf 89' lang='lat' dir='ltr'><strong>de</strong></span> <span class='ocrx_word' id='word_1_233' title='bbox 223 3453 321 3516; x_wconf 76' lang='lat' dir='ltr'><strong>verbo</strong></span> <span class='ocrx_word' id='word_1_234' title='bbox 344 3451 382 3512; x_wconf 89' lang='lat' dir='ltr'><strong>ad</strong></span> <span class='ocrx_word' id='word_1_235' title='bbox 406 3451 533 3514; x_wconf 86' lang='lat' dir='ltr'><strong>verbum</strong></span> <span class='ocrx_word' id='word_1_236' title='bbox 554 3449 766 3530; x_wconf 82' lang='lat' dir='ltr'><strong>praesentibus</strong></span> <span class='ocrx_word' id='word_1_237' title='bbox 787 3451 1003 3524; x_wconf 86' lang='lat' dir='ltr'><strong>insererentur,</strong></span> <span class='ocrx_word' id='word_1_238' title='bbox 1028 3461 1083 3524; x_wconf 89' lang='lat' dir='ltr'><strong>pro</strong></span> 
     </span>
     <span class='ocr_line' id='line_1_38' title="bbox 163 3528 1085 3618; baseline -0.013 -20"><span class='ocrx_word' id='word_1_239' title='bbox 163 3537 319 3618; x_wconf 81' lang='lat' dir='ltr'><strong>expressis</strong></span> <span class='ocrx_word' id='word_1_240' title='bbox 339 3533 506 3617; x_wconf 82' lang='lat' dir='ltr'><strong>habentes,</strong></span> <span class='ocrx_word' id='word_1_241' title='bbox 539 3532 579 3592; x_wconf 82' lang='lat' dir='ltr'><strong>ad</strong></span> <span class='ocrx_word' id='word_1_242' title='bbox 609 3528 750 3593; x_wconf 80' lang='lat' dir='ltr'><strong>effectum</strong></span> <span class='ocrx_word' id='word_1_243' title='bbox 775 3529 991 3612; x_wconf 85' lang='lat' dir='ltr'><strong>&#39;praesentium</strong></span> <span class='ocrx_word' id='word_1_244' title='bbox 1018 3545 1085 3608; x_wconf 87' lang='lat' dir='ltr'><strong>spe·</strong></span> 
     </span>
     <span class='ocr_line' id='line_1_39' title="bbox 166 3612 1143 3696; baseline -0.011 -16"><span class='ocrx_word' id='word_1_245' title='bbox 166 3619 284 3680; x_wconf 79' lang='lat' dir='ltr'><strong>cialiter</strong></span> <span class='ocrx_word' id='word_1_246' title='bbox 305 3623 338 3679; x_wconf 91' lang='lat' dir='ltr'><strong>et</strong></span> <span class='ocrx_word' id='word_1_247' title='bbox 358 3634 505 3696; x_wconf 83' lang='lat' dir='ltr'><strong>expresse</strong></span> <span class='ocrx_word' id='word_1_248' title='bbox 526 3615 730 3696; x_wconf 76' lang='lat' dir='ltr'><strong>derogamus,</strong></span> <span class='ocrx_word' id='word_1_249' title='bbox 761 3620 792 3672; x_wconf 88' lang='lat' dir='ltr'><strong>et</strong></span> <span class='ocrx_word' id='word_1_250' title='bbox 814 3612 994 3691; x_wconf 79' lang='lat' dir='ltr'><strong>derogatum</strong></span> <span class='ocrx_word' id='word_1_251' title='bbox 1017 3626 1086 3670; x_wconf 90' lang='lat' dir='ltr'><strong>esse</strong></span> <span class='ocrx_word' id='word_1_252' title='bbox 1141 3621 1143 3626; x_wconf 82' lang='grc'><em>·</em></span> 
     </span>
     <span class='ocr_line' id='line_1_40' title="bbox 167 3693 1057 3780; baseline -0.015 -18"><span class='ocrx_word' id='word_1_253' title='bbox 167 3702 319 3780; x_wconf 87' lang='lat' dir='ltr'><strong>volumus,</strong></span> <span class='ocrx_word' id='word_1_254' title='bbox 343 3699 514 3780; x_wconf 87' lang='lat' dir='ltr'><strong>ceterisque</strong></span> <span class='ocrx_word' id='word_1_255' title='bbox 536 3697 697 3759; x_wconf 86' lang='lat' dir='ltr'><strong>contrariis</strong></span> <span class='ocrx_word' id='word_1_256' title='bbox 719 3693 959 3776; x_wconf 85' lang='lat' dir='ltr'><strong>quibuscunque.</strong></span> <span class='ocrx_word' id='word_1_257' title='bbox 1053 3763 1057 3770; x_wconf 77' lang='lat'><strong>,</strong></span> 
     </span>
    </p>
   </div>
   <div class='ocr_carea' id='block_1_5' title="bbox 217 3838 988 3950">
    <p class='ocr_par' dir='ltr' id='par_1_7' title="bbox 217 3838 988 3950">
     <span class='ocr_line' id='line_1_41' title="bbox 217 3838 988 3950; baseline -0.014 -14"><span class='ocrx_word' id='word_1_258' title='bbox 217 3863 302 3950; x_wconf 51' lang='lat' dir='ltr'><strong>‘1)1n</strong></span> <span class='ocrx_word' id='word_1_259' title='bbox 320 3865 363 3938; x_wconf 87' lang='lat' dir='ltr'><strong>sd.</strong></span> <span class='ocrx_word' id='word_1_260' title='bbox 382 3881 467 3950; x_wconf 67' lang='lat' dir='ltr'><strong>origc</strong></span> <span class='ocrx_word' id='word_1_261' title='bbox 484 3878 657 3949; x_wconf 83' lang='lat' dir='ltr'><strong>Principibus</strong></span> <span class='ocrx_word' id='word_1_262' title='bbox 676 3889 709 3929; x_wconf 87' lang='lat' dir='ltr'><strong>sc</strong></span> <span class='ocrx_word' id='word_1_263' title='bbox 730 3838 988 3927; x_wconf 81' lang='lat' dir='ltr'><strong>Commnnttetibus.</strong></span> 
     </span>
    </p>
   </div>
   <div class='ocr_carea' id='block_1_6' title="bbox 0 0 1320 4300">
    <p class='ocr_par' dir='ltr' id='par_1_8' title="bbox 0 0 1320 4300">
     <span class='ocr_line' id='line_1_42' title="bbox 0 0 1320 4300; baseline 0 0"><span class='ocrx_word' id='word_1_264' title='bbox 0 0 1320 4300; x_wconf 95' lang='lat' dir='ltr'><strong> </strong></span> 
     </span>
    </p>
   </div>
  </div>
 </body>
</html>
