2600 4300
377 349 414 406 sd
431 350 466 407 o.
485 347 808 406 murmuremus.
1019 339 1061 412 73

145 527 203 581 stus
223 525 283 600 est,
305 520 573 603 benersoripserit,
593 522 654 583 nisi
674 523 754 582 torte
774 513 848 581 mibi
872 516 1060 598 Augustinus

145 603 310 685 obiieistnr,
332 605 387 666 sed
409 611 569 686 oporteret
587 606 672 686 prius
693 611 797 665 vestre
812 602 910 682 lurgis
934 601 1038 682 sopiri.

218 687 267 747 'l'u
295 707 371 749 vero
405 694 586 770 postergsto
618 705 682 748 non
707 687 827 749 Thoms
861 684 973 764 modo,
1005 682 1061 744 sed

144 769 266 830 duetore
282 771 346 832 elio
367 771 514 852 quolibet,
536 777 652 850 qusnts
672 771 718 832 ris
736 771 899 831 ssnotitete
920 766 1061 850 praepol-

142 853 199 914 lest
218 852 259 912 ed
282 853 487 933 probandum,
510 853 595 937 quod
616 855 775 914 Romanus
795 852 936 934 pontifex
958 850 1061 911 deoer·

143 935 238 996 nendo
268 935 310 997 de
338 936 399 998 lide
426 945 458 998 et
479 937 615 999 moribus
635 938 736 1017 possit
763 955 888 1012 errore,
922 934 1061 994 inniteris

142 1019 245 1078 beeulo
269 1019 442 1081 arundineo
461 1026 544 1080 tuem
568 1037 692 1081 menum
715 1019 919 1094 terebraturo,
945 1017 1063 1078 seiliost

142 1101 251 1162 Abbati
275 1101 391 1177 Siculo,
411 1104 478 1163 viro
501 1104 574 1164 olim
597 1103 705 1163 rebelli
727 1108 758 1163 et
780 1101 987 1174 sehismstieo,
1010 1099 1062 1180 qui

142 1186 168 1244 in
181 1183 317 1263 Besilee,
338 1185 391 1247 ubi
404 1186 570 1247 Basilisene
592 1185 763 1266 pullulavit,
784 1185 897 1266 pileum
920 1183 1070 1262 iniquita»

142 1268 175 1327 tis
196 1269 375 1345 emeruerit,
397 1270 447 1348 qui
469 1270 571 1347 etism,
592 1267 852 1348 quemadmodum
874 1272 1008 1343 selenos,
1030 1265 1062 1325 iu

142 1351 301 1412 omnisne
325 1369 421 1432 opere
444 1370 529 1412 susm
552 1353 709 1431 entiqnem
737 1351 912 1432 superbiam
933 1348 1062 1411 redolet.

142 1434 183 1493 lto
215 1440 250 1494 et
284 1435 354 1514 ipse
384 1435 417 1494 in
446 1436 530 1495 omui
558 1453 615 1495 sue
643 1435 786 1496 doetrins
822 1432 943 1495 redolet
975 1449 1061 1492 suum

142 1516 280 1578 sebisme.
325 1517 376 1576 Ex
396 1535 458 1596 qus
477 1537 512 1577 re
533 1537 571 1578 oo
593 1519 654 1578 itur
675 1517 826 1578 interdum
853 1516 987 1598 ineptius
1010 1513 1063 1574 do-

142 1618 215 1677 oere,
237 1619 311 1660 eum
334 1617 439 1661 seeum
454 1619 517 1660 nou
540 1600 579 1660 bs
621 1606 655 1661 st
675 1602 845 1679 veritatem,
867 1617 947 1678 quse
969 1598 1062 1658 etiem

143 1684 261 1742 stein
284 1683 346 1742 boe
364 1702 400 1743 re
420 1684 453 1742 in
474 1689 558 1744 tuom
588 1685 692 1763 tuique
721 1683 836 1744 ordinis
862 1681 1063 1763 ignominiam

141 1767 311 1846 proseripte
332 1771 394 1844 est,
422 1783 535 1846 nempe
556 1767 620 1844 eit,
648 1767 731 1846 quod
759 1765 906 1846 pontiliee
928 1764 1063 1825 meximo

143 1855 170 1908 et
194 1848 332 1909 eoneilio
364 1847 404 1909 de
426 1846 489 1910 lide
507 1849 725 1911 dissidentibus
754 1851 782 1910 ei
806 1849 949 1910 standum
972 1851 1064 1924 esset,

144 1932 222 1990 ouius
245 1931 386 1992 rationes
407 1940 513 1992 essent
533 1932 687 1995 meliores.

219 2013 248 2074 Ο
268 2012 512 2094 irrefragabilem
526 2016 635 2093 virum,
658 2016 705 2076 oui
718 2016 867 2088 inniteris,
889 2013 980 2073 irriso
993 2011 1065 2071 divo

143 2095 269 2174 Thonis,
291 2097 324 2157 in
344 2116 380 2157 re
403 2098 479 2157 tenti
504 2099 662 2175 momenti,
684 2097 764 2179 opud
789 2116 880 2177 quem
902 2094 1066 2157 ecelesiam

143 2179 363 2240 insufficienter
383 2180 551 2263 institutam
567 2180 693 2261 dixeris,
715 2183 829 2261 quippe
850 2198 919 2241 eum
942 2178 1067 2239 evenire

144 2264 240 2341 possit
261 2263 405 2343 litigium,
427 2263 510 2341 quod
532 2265 666 2325 eoelesis
687 2266 851 2325 terminare
873 2282 935 2323 nou
957 2262 1065 2342 possit.

145 2343 215 2419 Quis
247 2347 332 2406 enim
360 2346 442 2405 inter
464 2344 641 2426 pontilioem
670 2353 701 2408 et
722 2346 885 2409 eonsilium
908 2342 1065 2423 iudiesblt,

143 2434 225 2488 utres
245 2429 385 2488 notiones
408 2428 471 2489 sint
488 2430 647 2510 potiores,
678 2430 737 2489 nisi
765 2434 818 2489 snt
850 2428 933 2489 idem
962 2427 1002 2487 sit
1021 2427 1065 2485 iu-

144 2510 199 2571 dex
218 2512 251 2571 in
274 2529 370 2571 oense
390 2511 534 2591 propris,
561 2519 616 2573 sut
649 2512 791 2574 infideles
824 2512 872 2572 vel
902 2510 1066 2571 eoolesism

144 2593 347 2655 universslem
369 2592 500 2664 indioem
523 2613 593 2655 eum
615 2601 668 2657 tuo
692 2595 796 2657 Sioulo
820 2595 932 2673 lsoies,
955 2611 993 2653 eo
1014 2610 1067 2671 pe·

145 2675 225 2736 rinde
247 2676 287 2737 sb
309 2678 455 2736 extremis
477 2684 577 2738 terrse
589 2696 697 2739 omnes
715 2678 833 2741 vetulas
847 2692 1066 2753 eonroeemus,

145 2769 180 2819 ne
199 2759 273 2820 illes
294 2758 406 2835 desint,
428 2759 510 2839 apud
532 2778 609 2841 ques
632 2768 776 2823 estsere
798 2759 884 2821 lides.
920 2757 981 2820 ssu
994 2759 1066 2837 quie

147 2842 292 2903 eiusmodi
313 2841 353 2903 sd
375 2842 469 2901 elium
490 2842 667 2904 l'rsetstum
690 2846 837 2919 attinent,
860 2844 953 2904 misse
975 2842 1044 2902 sint.

222 2924 339 2985 Adiieis
371 2934 403 2983 et
430 2924 601 2987 tiemonem
618 2928 649 2987 in
680 2928 723 2987 tui
747 2927 921 3019 munimen,
952 2925 1003 3004 qui
1036 2928 1068 2984 et

146 3008 209 3085 ipse
228 3008 268 3068 ds
289 3013 446 3088 potestate
467 3007 623 3089 pontilleis
644 3011 779 3091 pessime
800 3010 896 3070 sensit
917 3013 949 3068 et
972 3007 1064 3087 sorip

147 3091 200 3167 sit,
225 3108 287 3152 non
309 3088 403 3151 modo
432 3090 513 3171 spud
534 3090 703 3169 lbomem,
732 3092 832 3153 brmeu
856 3090 976 3168 muudi,
1010 3088 1064 3149 sed

148 3172 224 3252 opud
244 3172 388 3235 doetores
399 3174 443 3233 tui
454 3172 578 3250 ordinis,
601 3182 633 3235 et
645 3175 725 3256 opud
737 3194 882 3237 oenones.
906 3174 946 3234 Hi
959 3172 1064 3233 dooto-

148 3255 227 3330 relli,
253 3274 321 3316 oum
353 3261 386 3315 te
413 3256 530 3318 fsoieut
551 3256 590 3316 de
609 3258 751 3319 Romane
780 3258 912 3319 eoelesie
933 3253 1065 3336 superbe

148 3339 269 3416 sentire,
295 3344 327 3400 et
347 3337 433 3399 multi
455 3337 526 3416 elii,
547 3340 597 3432 qui
619 3356 720 3420 eoquo
742 3342 845 3401 snimo
867 3358 929 3400 non
952 3338 1068 3415 lerunt,

96 3435 97 3438 ’
149 3440 211 3481 sem
231 3440 298 3483 esse
319 3426 412 3502 osput
442 3420 658 3500 esolesisrnm,
691 3433 761 3485 sunt
783 3423 855 3501 tibi,
876 3421 1007 3481 Mertine
1029 3418 1062 3498 l)

148 3504 602 3582 bser,mn1torumemtuum
625 3524 728 3569 eeuss.
1031 3514 1038 3521 ’
1128 3550 1133 3557 ·

227 3586 304 3662 Quid
326 3592 429 3647 sutem
450 3588 581 3667 mimm,
605 3589 689 3668 quod
711 3589 861 3650 Thomsm
883 3586 968 3647 nrlrili
990 3604 1064 3666 pen-

155 3742 349 3755 *-

203 3852 228 3915 l]
245 3849 274 3901 ln
292 3849 336 3905 ed.
355 3850 438 3905 Jem:
459 3849 584 3906 luthere.
