2600 4300
382 269 813 376 armantarmant
1026 307 1068 379 tt

226 485 275 547 Ad
297 489 584 570 quinquagesimam
605 495 726 548 sextam
749 485 914 548 autoritate
928 482 1074 547 'ihomas'

156 570 235 642 diois,
272 570 435 632 thesauros
471 573 621 632 anomalae
652 591 721 631 esse
749 571 857 630 merita
879 568 1005 646 Christi,
1038 569 1069 628 in

156 660 292 732 quantum
315 655 551 716 satisfactiones.
593 655 632 714 Et
661 655 741 714 idem
765 673 822 733 per
840 652 921 712 idem
944 651 1069 732 probas,

155 745 180 796 et
199 737 289 813 dicis,
325 739 408 816 quod
430 739 461 798 S.
484 738 652 818 Gregorius
681 736 764 796 dedit
786 735 951 814 aliquando
974 733 1070 794 indul·

155 821 280 900 gentina,
302 829 336 880 ut
358 819 559 881 communiter
580 821 706 896 dicitnr,
730 837 791 879 non
815 825 916 898 potest
938 816 1070 898 probari.

154 902 218 962 ldeo
239 922 299 962 nec
320 903 352 963 S.
374 905 509 964 Thomas
532 904 646 981 aliquid
668 905 697 962 in
721 903 780 962 han
801 921 833 961 re
856 902 958 962 efficit.

104 988 105 991 ’
229 985 299 1064 Ego
322 987 444 1064 quidem
467 1006 528 1048 uon
552 1005 620 1045 cum
643 987 787 1045 universo
811 983 885 1044 orbe
907 1003 955 1044 me
971 982 1072 1062 dispu-

157 1075 282 1128 taturum
306 1068 418 1147 obtuli,
454 1072 525 1148 quia
556 1069 750 1144 nesciebam,
786 1067 868 1146 qnod
902 1067 1071 1146 positiones

157 1170 239 1210 meae
274 1162 378 1211 essent
405 1164 466 1212 tam
498 1154 560 1212 lata
586 1160 770 1231 regaturne,
801 1150 871 1210 ideo
905 1150 968 1209 noli
1000 1149 1073 1209 milri

157 1236 359 1312 arrogantiam
381 1234 463 1296 hano
484 1235 662 1295 asscribere.
706 1235 803 1294 Casus
821 1252 869 1292 me
892 1234 921 1292 in
945 1233 999 1292 lias
1021 1250 1071 1292 res

155 1317 308 1395 perduxit,
347 1339 387 1377 ex
416 1319 623 1395 quibuscum
655 1317 776 1377 silentio
799 1335 848 1375 me
870 1316 988 1396 eripere
1009 1333 1071 1375 non

154 1419 287 1478 possum,
318 1401 397 1460 forte
420 1401 503 1460 Deus
525 1403 568 1460 ita
590 1401 695 1460 voluit.
749 1400 816 1477 Ego
851 1407 953 1458 tamen
982 1399 1071 1458 istam

155 1483 380 1542 conclusionem
403 1503 464 1544 non
496 1485 629 1558 asserui,
659 1483 712 1541 sed
750 1491 780 1542 et·
808 1482 909 1542 adhuc
938 1481 1071 1561 disputo,

154 1574 333 1644 exspectans
356 1568 477 1626 concilii
501 1567 796 1639 determinationem,
820 1567 898 1644 sieut
920 1571 950 1625 et
964 1581 1072 1624 omues

154 1649 233 1723 alias,
248 1646 336 1725 ”quae
360 1649 471 1709 dubiae
492 1658 565 1709 aunt
586 1657 639 1708 aut
665 1651 695 1708 in
714 1649 923 1708 controversia
936 1648 1072 1708 haerent.

229 1732 277 1790 Ad
299 1733 587 1811 quinquagesimam
609 1733 771 1810 septimam
795 1733 869 1789 mire
884 1749 975 1808 quam
999 1749 1073 1810 pun·

155 1814 246 1891 geris,
268 1814 353 1892 quod
375 1817 534 1876 avaritiam
558 1815 714 1895 paululum
738 1813 898 1874 momordi.
943 1813 1019 1872 Nam
1043 1819 1073 1874 at

156 1906 181 1954 tu
202 1915 325 1974 quoque
347 1900 511 1977 patientius
533 1899 613 1959 terra
634 1905 739 1976 potes,
769 1898 793 1955 si
818 1902 926 1955 contra
946 1897 1072 1976 seriptu-

103 2042 104 2049 ,
155 1998 210 2036 ram
230 2000 419 2059 pugnarem,
453 2000 544 2060 quam
579 1987 684 2044 contra
714 1980 883 2039 avaritiam.
937 1978 1010 2038 Ideo
1042 1985 1072 2036 et

103 2090 104 2141 j
157 2063 198 2120 hic
217 2063 356 2141 pontifici
378 2066 491 2124 eximia
519 2064 661 2123 adulatus
695 2063 840 2122 invidiam
871 2061 942 2122 milri
974 2063 1073 2120 eonci-

156 2144 219 2204 liare
239 2147 379 2207 lestinas.
414 2147 495 2222 Quid
518 2147 590 2207 mihi
611 2147 820 2207 innocentiam
843 2144 997 2224 pontilicis
1021 2143 1072 2204 ob·

156 2228 265 2288 tendis?
288 2230 445 2308 Numquid
468 2250 526 2310 ego
550 2250 619 2290 eam
640 2229 770 2309 ignoro?
794 2229 894 2288 Antei
913 2229 1071 2287 avaritiam

157 2322 229 2386 taxo,
250 2313 402 2390 numquid
421 2314 492 2373 ideo
515 2312 669 2393 pontilicis
690 2313 899 2371 innocentiam
924 2310 1072 2370 mordeo?

156 2394 193 2451 Tu
211 2395 280 2453 vide
302 2396 423 2473 potina,
457 2416 495 2455 an
528 2397 639 2476 impius
669 2397 710 2455 sis
732 2397 762 2454 iu
794 2392 988 2473 pontificem,
1021 2394 1073 2472 qui

157 2478 304 2536 avaritiam
338 2486 369 2536 et
398 2479 553 2557 pontificis
584 2480 792 2538 innocentiam
827 2478 857 2535 iu
888 2496 979 2535 unam
1008 2494 1072 2535 rem

157 2559 278 2630 conflas,
312 2560 384 2619 dum
405 2582 538 2622 morsam
562 2563 721 2622 avaritiam
751 2561 832 2619 idem
855 2561 964 2619 astruis
989 2559 1072 2637 quod

157 2641 261 2702 laesam
283 2643 440 2721 pontilicis
467 2646 691 2720 innocentiam,
727 2645 789 2702 imo
818 2642 875 2701 sub
911 2650 1072 2721 praetextu

158 2724 342 2785 innocentiae
364 2728 549 2805 pontificalis
579 2725 873 2807 irreprehensibilem
905 2724 994 2785 nobis
1023 2724 1073 2785 da·

159 2806 244 2867 lendis
266 2810 449 2869 avaritiam?
486 2810 517 2870 ei
551 2819 622 2868 sunt
652 2812 832 2869 innocentes
863 2808 906 2866 tui
929 2807 1072 2883 clientuli,

160 2908 211 2949 uon
233 2891 412 2951 mordentur
433 2914 453 2952 a
476 2913 539 2967 me,
576 2894 601 2951 si
633 2898 799 2963 nocentes,
829 2908 883 2949 our
912 2890 1072 2950 defendis?
1170 2942 1175 2953 .

159 2972 210 3031 Det
229 2973 281 3032 tibi
298 2975 459 3047 Dominus,
482 2975 702 3052 utaliquando
726 2975 838 3033 rectius
862 2972 990 3047 iudices,
1013 2992 1073 3033 nra·

160 3055 209 3113 lius
230 3055 344 3133 videas,
366 3068 398 3117 et
420 3078 438 3118 a
461 3058 621 3118 calumniis
645 3060 704 3117 mei
728 3058 891 3116 abstineas.

233 3138 283 3199 Ad
314 3140 599 3221 quinquagesimam
634 3148 776 3201 octavam
811 3138 918 3199 eadem
941 3134 1073 3217 repetis,

162 3238 230 3297 quae
262 3224 292 3281 in
323 3232 393 3283 anta
423 3223 628 3303 praecedente
650 3223 769 3298 dixisti,
809 3229 859 3281 tua
892 3220 972 3280 enim
1004 3228 1075 3279 suut

162 3303 253 3378 verba,
274 3306 344 3366 ideo
368 3314 503 3366 transeo.

234 3388 280 3447 td
303 3390 589 3469 quinquagesimam
611 3406 725 3455 nonam
748 3388 855 3446 iterum
879 3390 960 3445 totus
972 3384 1073 3463 ardes,

164 3468 232 3529 adeo
251 3472 281 3530 in
303 3473 414 3531 ceteris
436 3472 578 3533 omnibus
599 3470 765 3551 patientior
787 3489 838 3536 es,
861 3481 1073 3547 praeterquam

164 3552 206 3609 ubi
217 3555 369 3614 avaritiam
385 3568 491 3634 tango,
503 3572 594 3635 quam
607 3561 710 3613 tamen
723 3552 798 3612 velis
811 3551 889 3611 nolis
903 3569 963 3611 nun
972 3552 1074 3631 possis

165 3653 264 3713 negare
284 3635 402 3697 Romae
424 3640 550 3715 versari,
571 3656 611 3697 ne
633 3636 732 3695 dicam
757 3634 922 3709 dominari,
947 3642 979 3693 ut
1001 3634 1074 3694 mihi

165 3724 192 3775 tu
210 3736 324 3799 quoque
345 3718 522 3800 propellas
544 3726 723 3799 suspectus,
753 3716 834 3796 quod
858 3718 955 3796 magis
978 3716 1073 3793 lucra,

168 3802 383 3878 quamanimae
406 3820 512 3883 cures,
544 3802 663 3865 interim
690 3799 972 3861 innocentissimum
994 3816 1073 3881 pou·
1135 3832 1138 3837 ·
