2600 4300
224 292 290 368 tto
472 295 668 416 witto·
686 295 795 372 Distat·
813 298 893 367 Lars.
914 404 919 415 Ι

132 485 136 495 “
223 467 460 549 prostantem,
493 486 586 551 quum
618 469 693 538 aas
720 468 818 539 tuisse
845 488 908 535 uon
936 472 1037 553 potnit
1059 472 1161 551 scire,

222 550 310 615 iuxta
330 548 438 616 horum
460 552 654 622 sententium.

114 657 116 662 ·
306 632 439 713 Quinto,
460 634 570 697 worn
591 636 744 701 somnium
766 634 907 715 procedit
926 655 967 697 ex
988 654 1040 707 eo.
1065 635 1161 717 quod

222 716 435 781 remissionem
456 723 655 797 peccatorum
677 736 739 782 non
756 736 849 799 super
865 716 956 779 iidem
972 724 1003 781 et
1017 718 1159 785 verbum

222 800 393 859 miserentis
405 798 526 877 Christi,
549 798 602 860 sed
625 818 719 880 super
740 818 818 879 opus
843 802 992 861 currentis
1013 800 1160 865 hominis

223 879 398 959 smificant,
419 882 492 961 quia
512 881 752 947 satisfactionem
763 883 804 961 ¹),
819 883 987 967 plenariam
1005 884 1074 951 dra
1087 903 1159 944 non

222 982 317 1044 pessa
337 962 466 1050 fingunt,
487 964 545 1026 uisi
567 964 701 1044 perfecte
723 966 872 1041 contritis,
893 986 1023 1049 quorum
1047 966 1160 1029 nullus

223 1052 272 1110 est
291 1047 323 1109 in
342 1046 402 1118 hac
424 1048 493 1111 rito.
536 1047 576 1109 Bt
604 1054 705 1111 tamen
735 1048 908 1111 concedunt
936 1068 1004 1118 eam
1034 1049 1105 1110 dari
1139 1070 1161 1111 a

222 1148 306 1209 papa
327 1130 419 1190 stiam
440 1130 618 1209 imperfecte
640 1132 790 1193 contritis.
807 1174 820 1183 ν
987 1130 989 1135 ’

305 1211 412 1291 Sexto,
433 1213 458 1275 si
479 1214 594 1275 iustitia
606 1213 663 1275 Dei
685 1212 799 1295 aliquid
821 1212 954 1293 requirit,
975 1214 1037 1275 iam
1062 1221 1157 1278 extra

223 1313 347 1358 manum
370 1303 416 1366 est
438 1294 600 1370 eeclesiae,
620 1314 700 1373 quac
716 1296 792 1357 nihil
803 1294 895 1358 habet
912 1303 1041 1377 mutare,
1066 1296 1158 1376 quod

222 1377 306 1437 Deus
329 1376 393 1437 vult
414 1381 468 1438 sut
489 1378 626 1457 imponit
680 1377 745 1437 Stat
768 1380 847 1438 enim
871 1378 958 1443 firma
979 1380 1158 1442 sententia:

223 1459 391 1525 Consilium
414 1480 515 1522 meum
538 1459 692 1539 stabit,›et
713 1460 855 1531 voluntas
878 1481 946 1528 mea
969 1461 1029 1526 fiet.

306 1542 422 1606 uadem
445 1542 563 1604 ratione
585 1551 615 1606 et
634 1540 708 1607 illud
729 1544 915 1620 confutatur,
936 1544 1018 1625 quod
1042 1545 1096 1609 alii
1111 1544 1157 1604 di-

223 1631 296 1692 cunt
317 1625 623 1704 poenascanonioss
645 1644 715 1692 esse
737 1625 955 1691 declaratorios
977 1647 1156 1709 poenarum

224 1727 243 1773 a
270 1708 384 1769 iustitia
413 1708 517 1770 divina
541 1709 765 1786 requisiturum.
821 1709 952 1773 Primum
981 1710 1056 1771 illud
1087 1730 1155 1772 non

222 1789 381 1871 probatur,
402 1809 477 1870 ergo
499 1788 607 1852 eadem
629 1790 776 1853 facilitate
797 1794 1009 1857 contemnitur.
1049 1792 1082 1853 Si
1102 1792 1156 1853 de·

222 1872 329 1951 clarat,
350 1891 424 1953 ergo
443 1872 634 1953 impossibile
656 1879 712 1951 est,
734 1880 767 1935 ut
788 1869 906 1935 relaxet
928 1875 1061 1937 ecclesia
1084 1895 1155 1937 eas-

222 1954 303 2031 dem,
325 1956 397 2033 quic
419 1974 480 2016 oon
503 1956 664 2039 imposuit,
700 1954 754 2017 sed
783 1958 943 2037 impositas
965 1978 983 2017 a
1005 1958 1074 2019 Deo
1100 1958 1154 2019 de-

222 2038 327 2100 clarat.
370 2039 434 2099 Aut
455 2038 557 2100 dicere
578 2044 743 2117 cogentur,
776 2038 858 2119 quod
886 2039 1012 2101 verbum
1035 2040 1152 2101 Christi

221 2122 267 2180 sic
294 2120 334 2183 sit
356 2119 575 2185 ordinandum:
611 2120 826 2205 Quodcunque
848 2140 907 2204 ego
929 2122 1087 2204 ligavero,
1119 2132 1153 2186 tu

222 2203 334 2276 solves.
849 2213 850 2222 ’

527 2359 741 2420 Conclusio
764 2359 840 2420 Xll.

304 2474 386 2536 Olim
405 2493 526 2555 poenae
548 2475 718 2536 canonicae
739 2494 801 2536 non
824 2483 905 2556 post,
928 2478 980 2538 sed
1003 2483 1075 2540 ante
1099 2477 1155 2540 ab·

136 2591 140 2608 ·
223 2557 408 2618 solutionem
435 2556 688 2638 imponebantur,
719 2567 865 2638 tanquam
887 2565 1076 2628 tentamenta
1101 2582 1154 2624 vs·

222 2659 276 2700 ras
303 2641 503 2703 contritionis.

305 2722 416 2782 ltsrurn
439 2721 551 2804 probat
572 2728 715 2786 ootuvom
737 2722 814 2786 haec
842 2722 1042 2802 duodecima,
1077 2729 1155 2805 quia

225 2805 394 2865 canonicas
416 2824 538 2885 poenae
558 2805 637 2868 adan
659 2811 731 2869 suut
758 2807 960 2886 temporales,
993 2814 1025 2868 ut
1056 2807 1153 2873 finem

223 2889 269 2947 sui
300 2887 434 2949 habeant
461 2889 558 2966 ipsam
581 2886 819 2951 absolutionem.
861 2888 937 2950 Cum
961 2898 1062 2955 autern
1085 2893 1153 2956 nui·

223 2970 271 3030 los
294 2971 457 3031 moriturus
478 2989 540 3032 non
561 2967 672 3032 debeat
692 2970 821 3044 absolvi,
846 2972 973 3045 (ceteris
1004 2974 1150 3056 paribus)

223 3058 318 3132 patet,
340 3053 422 3131 quod
445 3071 507 3115 nou
529 3053 745 3133 imponendae,
768 3053 822 3118 sed
835 3055 924 3118 stiam
939 3056 1105 3134 impositae
1122 3066 1153 3118 et
1202 3079 1203 3088 ¹

223 3135 445 3216 imponendae,
467 3142 539 3198 sunt
559 3136 661 3215 potius
682 3135 879 3201 relaxandas.
923 3136 1012 3212 quod
1035 3141 1059 3204 si
1082 3159 1151 3202 mos
1194 3180 1198 3186 -

223 3217 275 3278 ills
297 3221 414 3297 priscus
430 3218 588 3280 ecclcsiae
608 3218 768 3298 hucusque
789 3218 895 3281 fuisset
915 3229 1065 3300 servatus,
1087 3242 1150 3284 noo

157 3370 170 3382 ,
223 3300 331 3360 fuisset
351 3320 437 3360 error
456 3302 516 3361 istc
536 3308 635 3361 natus.
686 3301 775 3361 Nunc
796 3318 870 3363 vero
891 3321 968 3362 ‚cum
997 3303 1150 3366 absolutio

224 3382 393 3463 praecedat
413 3402 541 3463 poenas,
562 3383 675 3444 iactum
699 3391 755 3462 ost,
778 3393 812 3448 ut
831 3385 861 3446 in
879 3383 1086 3453 ,absolutionis
1109 3389 1151 3447 in·

225 3467 334 3525 iuriam
357 3484 419 3526 non
442 3463 616 3528 absolutum
638 3467 793 3531 remittant
814 3467 844 3528 in
866 3473 1006 3546 moriem,
1028 3478 1060 3530 el
1087 3491 1150 3532 rem

226 3556 365 3608 monstro
394 3548 509 3609 iscium
535 3547 738 3626 simillimum,
771 3548 843 3615 dum
869 3549 1060 3614 absolvendo
1089 3573 1149 3617 nnn

229 3628 403 3708 absolvunt,
425 3638 456 3689 et
477 3629 650 3690 absolutum
674 3630 781 3692 eadem
803 3649 881 3692 voce
902 3632 1008 3712 ligant.
1096 3701 1097 3704 Ἴ

286 3779 314 3843 1)
334 3780 366 3832 In
384 3780 427 3836 cd.
447 3783 522 3837 iem:
541 3783 743 3838 remissionem.
