2600 4300
347 303 631 367 ,summum
647 302 806 382 bulherum.
895 369 900 398 Ι
1017 297 1059 368 77

143 481 274 540 nostrum
283 475 423 538 cbristus
443 476 589 560 loquitur,
609 473 752 539 autslter
764 473 873 536 surdus
894 472 945 556 vel
966 471 1059 534 obsu-

143 557 224 621 dieus
245 566 305 626 est.
349 555 479 622 Oramus
500 557 677 644 Christum,
694 565 727 621 ut
747 575 906 622 sermones
929 555 994 617 eius
1014 555 1059 616 in-

143 651 290 704 tonamus.
396 660 398 662 ·

216 723 333 788 Scribis
355 732 459 786 autem
479 744 530 788 me
550 744 592 784 ex
612 724 811 806 suggestione
842 723 927 804 loqui
958 719 1058 784 decla

142 810 285 870 montium
305 811 433 889 venias,
463 826 632 889 eorumque
655 825 703 866 me
726 803 872 870 exhibere
885 812 1058 888 patronum.

142 888 197 954 seu
217 891 431 973 quamlonge
452 891 484 952 in
504 889 569 960 hoc,
586 907 709 970 quoque
737 909 756 950 a
776 889 906 950 veritate
926 888 1060 968 aberres,

90 972 91 975 ’
142 975 221 1036 novit
251 977 392 1037 omnium
418 974 575 1054 praescius
598 972 697 1050 Deus,
728 991 795 1034 eum
818 993 857 1033 ne
879 971 973 1034 verbo
997 973 1061 1054 qui·

142 1057 221 1138 dem,
261 1078 303 1119 ne
323 1057 462 1138 apicibus
484 1055 628 1132 dixerim,
651 1051 815 1136 quidquam
838 1075 856 1116 a
879 1055 987 1136 quovis
1010 1075 1060 1116 eo-

141 1161 200 1202 rum
221 1142 418 1222 exceperim,
444 1141 520 1200 vivit
541 1137 711 1218 Dominus,
740 1139 812 1218 quin
834 1157 889 1200 eos
911 1159 930 1200 a
951 1139 1059 1219 prinei·
1162 1179 1164 1189 .

141 1226 186 1306 pio
210 1226 391 1285 minoristas
413 1223 554 1304 putarim.
594 1219 647 1295 Ad
668 1219 701 1282 id
721 1240 812 1300 vero,
844 1219 927 1302 quod
949 1240 999 1284 me
1020 1220 1059 1282 de

141 1307 255 1368 haeresi
265 1307 496 1368 Donatistarum
517 1293 663 1383 notas1),
685 1323 753 1365 oum
768 1303 886 1380 dixero,
909 1322 999 1387 equo
1021 1305 1062 1366 sit

142 1389 300 1470 dispositio
323 1389 364 1450 ad
384 1389 442 1450 Dei
462 1389 593 1469 gratiam
620 1387 784 1468 requisita,
811 1389 927 1470 poteris
955 1407 1061 1450 verum

90 1484 91 1487 ’
142 1473 214 1534 terre
234 1471 406 1550 iudicium,
434 1490 516 1532 nuno
545 1489 620 1532 vero
650 1477 682 1532 te
704 1476 776 1533 ante
798 1471 985 1553 completum
1011 1477 1062 1550 (ut

142 1553 242 1698 aiuntg
265 1555 463 1637 evangelium
484 1551 684 1636 consigussti.
809 1612 811 1620 s

242 1639 303 1698 etis
326 1639 420 1716 item,
448 1656 516 1697 cnm
544 1655 605 1716 qua
630 1635 762 1697 eeclesia
786 1635 825 1697 de
854 1637 1058 1717 conceptione

142 1722 270 1802 Virginis
300 1722 449 1799 sentiam,
482 1719 551 1780 dico
582 1726 686 1780 autem
722 1739 772 1781 me
805 1719 950 1799 nescire,
990 1737 1059 1780 eum

143 1824 216 1883 qus,
260 1804 388 1865 credere
420 1809 523 1864 sutem
565 1802 652 1882 quod
685 1821 753 1862 oum
790 1803 954 1882 Romans,
992 1821 1060 1864 eum

143 1908 176 1947 ex
203 1888 327 1968 seriptis
361 1888 426 1947 eius
458 1885 532 1945 mihi
565 1905 635 1946 mea
670 1887 824 1948 sententia
855 1883 938 1946 fluat.
983 1884 1060 1946 Cum

90 1984 91 1987 ’
143 1989 210 2030 vero
232 1969 341 2031 decisa
361 1989 410 2030 res
431 1969 530 2048 fiterit,
552 1970 647 2030 sciam
674 1988 744 2030 oum
769 1988 845 2050 qua,
867 1969 988 2030 interim
1009 1987 1061 2030 au-

91 2071 92 2074 *
143 2062 199 2113 tem
220 2053 346 2114 credam
369 2071 438 2113 oum
460 2051 598 2113 ducentis
621 2053 783 2134 sexaginta
797 2072 853 2114 sex
873 2049 1061 2132 doctoribus,

144 2156 268 2216 quorum
297 2135 437 2198 nonnulli
459 2141 530 2195 sunt
562 2134 678 2197 ordinis
700 2136 763 2215 tui,
799 2141 829 2196 te
859 2141 961 2197 sulem
993 2154 1062 2196 cum

144 2229 190 2281 tuo
212 2220 287 2281 olim
307 2219 502 2281 schismatico
513 2219 684 2297 relinquam
707 2218 890 2281 crediturum
907 2226 940 2280 ut
950 2218 1062 2300 pladet.

145 2302 275 2382 Adiicis,
304 2311 338 2363 ut
359 2302 402 2362 nil
423 2301 565 2364 odiosum
587 2302 737 2379 dimittas,
766 2308 796 2363 et
824 2302 863 2363 de
883 2301 1065 2383 Reuehlino,

146 2388 228 2466 quasi
252 2386 331 2447 ordo
355 2384 601 2467 praedicatorum
623 2385 709 2447 illum
729 2386 926 2466 insequatur,
948 2393 980 2447 et
1000 2404 1063 2447 non

146 2470 324 2529 universitas
346 2469 485 2530 Parisino
506 2476 537 2529 et
558 2468 754 2530 Doloniensis
776 2475 807 2530 et
828 2475 957 2531 ceterae.
987 2466 1062 2544 Quis

147 2559 243 2613 autem
266 2572 339 2613 eum
362 2559 491 2631 tueatur,
511 2553 635 2630 veritas,
656 2570 695 2612 an
705 2550 847 2633 Hebraei,
869 2572 909 2613 an
931 2550 1062 2633 Chryso·

147 2641 269 2716 stamus,
291 2654 332 2696 an
353 2637 483 2715 utrique,
495 2636 610 2697 neseio.
632 2633 734 2696 Unum
756 2642 859 2699 tamen
883 2636 958 2716 seio,
980 2634 1063 2715 quod

148 2716 245 2779 officia
271 2738 358 2799 mea,
388 2738 467 2799 quae
497 2725 568 2779 sunt
595 2718 651 2779 viri
680 2718 750 2779 iusti
787 2725 818 2779 et
848 2716 1063 2799 misericordis,

196 2820 275 2864 oras.

148 2821 195 2881 Igu
223 2884 377 2945 Assoribis
398 2904 521 2965 quoque
545 2883 628 2962 mibi,
652 2884 734 2965 quod
750 2884 906 2946 Entellum
921 2904 971 2945 me
993 2904 1062 2955 esse

150 2965 331 3048 effinxerim,
364 2987 435 3029 cum
457 2986 517 3049 ego
539 2968 654 3028 Dareta
675 2974 809 3044 tantum,
832 2974 863 3029 et
883 2968 944 3029 hoc
964 2954 1063 3049 grdtia

151 3051 359 3112 ostentationis
391 3052 501 3111 virium
539 3057 570 3111 et
597 3052 829 3133 provocationis
857 3052 888 3111 in
928 3070 1062 3131 pugnam

152 3135 335 3195 nominarim.
378 3134 467 3193 Nune
499 3140 602 3194 autem
631 3133 685 3195 tibi
712 3134 798 3195 illud·
809 3132 989 3214 Hieronymi
1021 3134 1061 3194 ad

152 3216 346 3297 Augustinum
371 3217 457 3296 dico,
478 3216 634 3279 Memento
656 3216 777 3277 Daretis
800 3224 831 3277 et
852 3216 981 3294 Entelli,
1003 3216 1062 3277 En-

154 3298 250 3360 tellum
271 3306 373 3361 aetate
393 3319 518 3381 gravem
539 3301 665 3361 iuventa
686 3300 763 3361 levis
780 3300 876 3361 Dares
897 3300 929 3360 in
951 3318 1062 3359 vanum

154 3383 222 3462 risit,
242 3385 342 3443 statim
357 3402 475 3463 poenas
489 3382 621 3445 daturus.
643 3382 757 3444 Scribis
767 3389 935 3463 postremo,
947 3401 996 3441 me
1006 3401 1062 3463 pro

156 3484 219 3526 meo
231 3474 301 3527 voto
324 3466 501 3527 facultatem
514 3464 690 3547 baptisandi
702 3473 732 3527 te
744 3484 909 3545 assumere,
932 3472 963 3526 et
972 3484 1065 3545 qnae-

157 3566 267 3629 ounque
296 3551 400 3611 animo
428 3568 499 3610 meo
534 3548 703 3610 insederint
727 3550 853 3611 nomina
874 3548 1067 3631 imponendi,

93 3795 94 3798 Ἴ
206 3815 234 3884 1)
253 3816 283 3869 ln
300 3815 342 3871 ed.
368 3816 446 3873 lam:
465 3820 554 3871 notas.
