2600 4300
232 317 254 388 8
481 322 638 391 Responsio
659 321 692 376 D.
709 321 786 374 liert.
806 319 915 374 liutheri

235 491 374 571 incedit,
395 493 462 553 sine
484 492 654 573 scripturo,
676 491 742 551 sine
764 489 917 571 patribus,
939 489 1006 550 sine
1028 485 1153 548 eanoni-

235 577 302 655 bus,
324 576 457 655 denique
482 577 548 636 sine
563 575 632 635 ullis
643 575 822 635 rationibus.
843 573 979 652 ideoque
993 587 1064 631 meo
1075 573 1153 650 jure,

234 659 265 722 id
288 667 350 739 est,
386 659 560 719 Christiana
586 657 747 734 libertate,
783 664 813 718 te
836 664 867 718 et
888 656 973 718 illum
995 655 1102 716 reiicio
1125 659 1155 712 et

235 760 329 826 nego.
352 743 418 802 Imo
440 743 485 801 ita
508 743 592 823 cogit
614 761 664 801 me
686 741 833 801 autoritas
855 739 1044 800 fundamenti
1066 736 1154 818 primi

236 832 268 886 et
286 825 386 902 tertii,
416 830 447 884 et
473 823 581 884 suadet
603 824 779 904 exemplum
800 823 964 904 Augustini
989 823 1022 881 in
1049 818 1154 880 fundo·

235 914 340 968 mento
363 907 511 968 secundo.
532 907 611 967 Nam
633 909 659 967 si
680 905 761 987 apud
784 905 1009 966 iureconsultos
1030 921 1155 984 prover-

236 990 319 1051 bium
342 991 500 1070 recipitur:
521 991 623 1070 Turpe
645 997 693 1050 est
713 991 849 1049 iuristam
872 989 957 1067 loqui
979 989 1045 1048 sine
1058 990 1154 1060 textu,

234 1081 267 1133 tu
289 1073 370 1150 vide,
392 1091 482 1150 quam
504 1074 544 1132 sit
564 1071 777 1146 honorificum,
800 1071 978 1151 theologum
1004 1069 1075 1152 (qui
1094 1087 1154 1126 ma·
1190 1135 1193 1142 ¹

233 1157 318 1216 xime
345 1157 480 1215 omnium
510 1155 618 1230 debet)
644 1155 729 1233 loqui
753 1157 818 1214 sine
841 1159 944 1230 textu,
969 1171 1060 1232 quem
1082 1169 1155 1230 apo·

234 1239 332 1298 stolus
359 1223 445 1314 iubet
479 1238 649 1298 calceatum
677 1255 749 1298 esse
780 1237 909 1318 pedibus
937 1238 967 1296 in
993 1252 1155 1314 praepara

233 1321 318 1381 tione
341 1320 555 1401 evangelii*l,
577 1328 608 1380 et
624 1322 803 1400 episcopum
829 1323 1006 1400 potentem,
1039 1335 1101 1377 non
1124 1317 1155 1374 in

237 1403 425 1484 syllogismis
449 1410 480 1462 et
496 1405 690 1483 opinionibus
711 1403 880 1479 hominum,
905 1401 1003 1462 sedin
1016 1399 1157 1470 doctrina

235 1505 319 1565 sona,
341 1487 481 1545 nimirum
492 1506 539 1564 ea,
562 1505 654 1566 qnam
666 1485 739 1546 alibi
753 1485 897 1546 divinitus
908 1479 1154 1564 inspiratam**)

233 1577 335 1630 vocat.
358 1569 427 1629 Hoc
448 1571 529 1628 enim
551 1569 713 1630 consilium
736 1569 761 1628 si
783 1569 892 1628 fuisset
914 1575 1078 1644 servatum,
1104 1564 1156 1623 rni-

124 1653 135 1666 '
234 1672 292 1712 nus
323 1671 406 1711 nunc
444 1652 577 1712 ecclesia
610 1651 738 1712 heberet
766 1651 915 1712 inutilium
940 1650 1157 1730 quaestionum

118 1775 126 1788 -
235 1731 483 1816 et‘opinionum,
518 1741 550 1794 et
570 1735 639 1814 plus
663 1734 816 1816 evangelii
841 1741 879 1804 et
894 1733 1085 1794 Christianae
1106 1749 1158 1789 ve-

227 1819 342 1906 ritatis.
365 1815 441 1887 m)

380 1962 449 2022 dam
472 1961 666 2040 accedamus,
689 1970 721 2024 et
741 1961 1029 2024 iudicemursimul.

296 2097 414 2175 Primo,
443 2101 573 2177 quatuor
599 2097 747 2159 falsitates
778 2098 809 2159 in
837 2096 931 2159 tribus
954 2097 1059 2177 primis
1083 2115 1157 2157 con-

235 2180 424 2243 clusionibus
435 2200 455 2240 a
467 2200 516 2240 me
539 2181 779 2261 comprehensas
793 2182 989 2261 pronuncias.
1011 2180 1158 2257 Primam,

234 2263 318 2344 quod
347 2263 484 2323 salvator
515 2263 706 2342 impossibile
735 2265 872 2340 iusserit,
903 2264 1021 2323 scilieet
1048 2260 1160 2323 fideles

235 2348 319 2409 omni
340 2353 479 2425 tempore
500 2346 614 2406 habere
636 2353 737 2407 aetum
761 2347 981 2426 poenitentiae,
1002 2345 1160 2406 interioris

234 2429 284 2492 vel
306 2429 477 2489 exterioris.
502 2427 581 2489 Cum
600 2429 681 2489 enim
704 2429 805 2489 dicat:
830 2430 937 2511 Agite,
960 2448 1023 2489 non
1056 2428 1160 2506 loqui·

233 2516 281 2571 tur
300 2511 340 2572 de
361 2508 508 2571 habituali
521 2512 668 2573 interiore
683 2512 883 2591 poenitentia,
906 2530 984 2591 quae
1000 2510 1068 2573 sola
1089 2529 1161 2591 per-

234 2600 328 2674 petua
349 2600 406 2672 est,
428 2601 460 2653 et
482 2600 709 2673 consequenter
731 2595 865 2674 loquitur
887 2594 926 2654 de
943 2593 1056 2654 actuali
1078 2593 1160 2653 inte-

104 2711 126 2725 ,
229 2678 307 2739 riori
328 2677 379 2737 vel
412 2678 566 2737 exteriori.
609 2676 713 2757 Agere
735 2679 816 2737 enim
838 2678 888 2737 vel
910 2682 996 2737 actus
1018 2676 1069 2735 vel
1094 2692 1160 2735 non

235 2760 302 2819 sine
324 2765 463 2821 octuest.
485 2758 572 2820 Haec
593 2766 655 2819 tua.
677 2760 760 2822 Vere
781 2766 833 2821 tua
847 2766 927 2838 sunt,
948 2759 1052 2837 idest,
1075 2756 1160 2818 adeo

234 2842 422 2903 scholastico
442 2848 473 2902 et
494 2842 686 2919 thomistiee‚
722 2844 784 2903 imo
808 2842 996 2923 aristotelica
1009 2861 1019 2913 ,¹
1051 2848 1086 2901 ut
1108 2860 1162 2901 me

235 2926 341 3005 pigeat
363 2931 395 2985 et
416 2923 540 2985 taedeat
561 2945 599 2987 eo
621 2926 779 2987 confutare
803 2926 845 3003 ¹).
883 2926 994 3006 Rogo,
1028 2924 1081 2985 ubi
1108 2922 1163 2983 hic

127 3004 129 3010 ’
237 3008 400 3087 scripture,
419 3014 522 3087 patres
544 3015 598 3069 sut
620 3027 757 3069 canones
780 3009 911 3069 sonant?

316 3089 437 3160 Deinde
465 3092 574 3167 miror,
602 3090 685 3168 quod
706 3092 792 3152 iuxta
812 3091 1044 3175 peripateticam
1064 3088 1160 3149 istam

234 3172 425 3253 theologiam
447 3172 574 3233 verbum
596 3172 688 3251 illud,
711 3174 810 3252 agite,
844 3192 907 3235 non
929 3173 968 3233 ad
990 3172 1089 3233 solam
1113 3172 1160 3229 in-

235 3268 352 3317 ternam
373 3256 528 3316 cabonem
549 3256 689 3317 retulisti.
711 3256 798 3334 Item,
823 3256 904 3336 qnod
928 3258 954 3316 si
976 3262 1007 3316 et
1029 3273 1089 3334 ego
1105 3261 1162 3313 tue

233 3339 384 3401 industrio
407 3358 479 3398 usus
502 3345 533 3399 te
553 3339 774 3419 calumniarer,
798 3347 829 3399 et
851 3339 999 3413 dicerem,
1022 3337 1160 3397 Omnem

234 3422 328 3481 vitam
354 3420 456 3501 (quod
468 3439 528 3501 ego
541 3422 649 3501 posui)
674 3441 737 3482 non
760 3442 829 3482 esse
850 3421 941 3493 idem,
958 3420 1048 3500 'quod
1071 3421 1161 3480 omni

291 3660 321 3727 *)
343 3662 485 3745 Ephesii.
524 3662 573 3732 “)
593 3664 700 3721 arim.
721 3668 745 3721 3.
769 3666 836 3735 m)
858 3667 999 3720 Inutilium
1019 3670 1162 3737 quaestio-

237 3746 303 3784 num
324 3736 351 3784 et
369 3735 532 3800 opinionum
552 3737 640 3804 origo.

293 3803 325 3867 1)
347 3803 378 3855 ln
398 3802 441 3856 ed.
458 3804 535 3857 den:
553 3808 682 3860 refutare.
