2600 4300
228 309 291 385 Μ
336 265 340 277 ¹
474 309 794 376 Mmsnarunpm
813 308 893 364 tutin

227 480 342 544 hebeat
364 483 600 558 uatum-quae
621 484 693 539 sant
709 476 794 555 ausi,
816 478 873 539 nisi
896 478 956 539 soli
976 489 1140 558 praei-ones

227 564 396 627 venarum.
437 562 504 625 Illis
525 563 645 638 omnia,
667 579 749 641 quse
768 561 865 638 hbuit,
882 562 998 639 licent,
1027 560 1142 619 anisam

228 655 331 709 umen
344 644 582 708 liabentomuas
596 645 747 705 radonem
764 660 840 705 suas
853 645 1037 721 renuntias,
1057 661 1143 721 quem

229 739 268 793 at·
283 729 393 789 Pauor.
416 728 468 789 lib.
489 733 525 793 5ae
550 727 590 787 da
615 746 687 807 poe.
717 734 749 787 ot
769 746 811 789 re.
834 746 876 787 a:
921 726 1014 801 Quod
1036 728 1146 800 moen,

229 811 326 890 affort,
348 810 494 873 videlieet
512 810 603 889 haut,
624 810 658 871 si
678 809 888 889 indulgentiae
910 810 1014 871 solum
1025 809 1144 868 anoni·

230 914 283 955 eas
304 912 422 974 poenas
444 894 585 954 dieantur
606 893 771 965 remittere,
795 892 856 952 hoo
877 900 925 953 est
942 892 1146 971 indulgentias

230 979 321 1041 nimis
342 976 496 1040 vililioare.
539 976 651 1055 ltaque
668 975 807 1037 nevum
839 977 899 1035 sint
928 974 1147 1055 indulgentiae,

231 1061 329 1140 nugis
351 1060 467 1139 phouit
486 1058 604 1139 fingere
631 1058 715 1138 quod
747 1060 902 1135 nesciunt,
933 1078 1006 1118 oum
1036 1056 1147 1116 nullum

232 1145 273 1205 sit
291 1142 459 1222 perieulum
480 1143 660 1215 animarum,
684 1143 710 1201 si
731 1140 942 1221 indulgentiae
961 1142 1061 1202 etiam
1080 1138 1150 1198 niliil

233 1232 352 1302 assem,
385 1224 497 1287 nedum
521 1224 656 1303 vilss1),
689 1225 891 1285 miserrimum
913 1236 990 1284 vero
1012 1224 1071 1298 sit,
1093 1222 1150 1281 sei-
1190 1282 1191 1289 ,

232 1308 340 1371 mrbus
361 1306 510 1388 figmenta
528 1314 563 1368 et
581 1306 740 1367 illusiones
761 1306 950 1387 pmodiosre,
973 1306 1097 1367 etiamsi
1112 1306 1151 1363 in·

233 1390 418 1471 dulgentiae-
439 1390 621 1452 utilissimae
647 1396 761 1451 esseut.
812 1390 899 1451 Adeo
931 1409 995 1451 eon
1024 1387 1153 1448 habetur

232 1475 311 1535 ratio
332 1473 440 1536 salutis
460 1474 646 1549 animarem,
678 1472 732 1533 sed
761 1472 993 1551 tautummodo,
1022 1490 1066 1531 ne
1092 1488 1152 1529 non

233 1557 349 1636 optima
371 1555 529 1617 videamur
539 1556 694 1630 menese,
715 1555 783 1633 plus
797 1553 1154 1635 labora-esproglorie

233 1640 329 1700 nosti
357 1638 458 1716 verbi,
488 1641 547 1699 etsi
573 1657 637 1700 non
669 1640 851 1715 neeesserii,
885 1656 976 1718 quam
1006 1656 1066 1717 pro
1096 1634 1154 1695 tide

234 1720 384 1799 simplius
404 1728 437 1783 et
456 1722 546 1785 nobis
569 1722 725 1781 commissi
747 1722 855 1801 populi
877 1723 945 1783 sole
966 1720 1152 1781 necessaria.

247 1863 250 1869 ,
290 1802 378 1868 died
404 1811 569 1882 antequam
602 1803 642 1863 ad
665 1804 698 1864 B.
720 1803 871 1867 Thomam
899 1811 931 1865 et
958 1805 1153 1865 Beneventu·

232 1884 337 1959 ω’)
361 1885 578 1965 respondeam,
600 1886 724 1966 dignum
749 1887 868 1968 uidetur
888 1889 1018 1949 renitere
1034 1886 1152 1965 opinio-

233 1986 292 2031 nes
311 1967 351 2028 de
371 1968 585 2049 indulgentiis,
615 1988 655 2029 ee
684 1985 744 2049 ego
767 1972 881 2049 primm
909 1978 966 2030 aut.
984 1969 1071 2030 solus
1103 1986 1152 2027 ees

233 2050 414 2116 indubium
435 2070 567 2115 vosasse
587 2051 703 2116 videar.
913 2088 916 2099 ·

299 2133 430 2196 =Glosss
450 2154 543 2215 super
563 2154 610 2197 a·
633 2133 724 2209 Quod
746 2141 858 2198 antem.
888 2134 939 2197 lib.
961 2139 991 2198 ὁ.
1022 2133 1063 2194 de
1085 2151 1152 2213 poe.

235 2224 266 2281 at
279 2238 336 2280 nre.
360 2236 528 2283 assumens
549 2217 790 2280 declarationem
826 2237 918 2296 super
953 2217 1096 2278 effieseia
1123 2224 1153 2275 et

234 2302 345 2363 virtute
365 2299 622 2380 indulgentiarum
643 2301 688 2362 sio
709 2301 830 2379 insipit:
861 2301 949 2375 Quid.
963 2300 1093 2362 velseut
1114 2305 1153 2358 ta·

234 2383 281 2444 les
301 2384 508 2455 remissiones,
530 2390 618 2444 vetus
640 2383 774 2461 querele,
797 2392 827 2444 et
849 2384 949 2444 adhue
963 2385 1039 2444 satis
1052 2382 1151 2442 dubis.

239 2508 242 2517 ·
317 2467 378 2528 alii
405 2465 524 2541 meunt,
556 2465 639 2544 quod
673 2472 801 2545 prosunt
829 2467 931 2545 quoad
952 2467 1071 2542 Deum,
1101 2464 1151 2524 sed

234 2566 296 2609 non
319 2548 422 2626 quoad
443 2549 617 2626 ecelesiam,
639 2551 795 2627 quonism,
817 2551 929 2628 siquis
951 2550 1019 2608 siue
1033 2547 1151 2608 morali

235 2630 374 2708 deeedat,
402 2631 538 2695 nondum
567 2637 694 2710 peraeta
720 2633 925 2710 poenitentia,
957 2633 1059 2692 minus
1088 2651 1151 2690 son·

236 2713 327 2789 tieti)
352 2729 469 2792 poenas
491 2715 674 2794 purgatorii,
708 2715 793 2774 iuxta
816 2715 939 2778 modum
962 2714 1152 2776 remissionis
1190 2765 1191 2770 ,

130 2838 133 2844 -
236 2795 292 2860 sibi
313 2796 422 2874 faotse,
445 2797 584 2856 eoeleste·
599 2802 702 2857 tamen
724 2799 839 2858 viventi
862 2818 926 2858 non
944 2804 1074 2878 propter
1095 2796 1152 2856 hoo

235 2877 355 2941 relaxat
383 2879 636 2941 satisfactionem.
686 2880 771 2940 Haeo
804 2882 908 2960 opinio
940 2881 1105 2940 damnatur
1135 2897 1152 2936 a

235 2961 345 3022 Pauor.
365 2960 491 3039 ibidem,
512 2969 545 3020 et
566 2961 668 3040 plaeet
689 2963 755 3024 eius
776 2963 942 3024 damnatio.
1097 3017 1101 3022 .

318 3041 379 3109 Alii
401 3044 520 3121 dieunt,
552 3044 634 3122 quod
658 3055 787 3124 prosunt
808 3045 910 3124 quoad
931 3044 1149 3124 poenitentium

235 3125 287 3190 hie
307 3127 472 3187 iniunctam
494 3146 533 3188 ex
556 3127 832 3206 superabundanti,
865 3137 893 3188 ot
922 3127 960 3188 ed
975 3147 977 3158 ’
991 3126 1149 3201 seutelem,

235 3209 266 3267 id
289 3218 345 3286 est,
367 3215 485 3270 tantum
506 3228 560 3268 eas
583 3229 710 3288 poenes,
732 3229 808 3288 quas
828 3229 887 3271 non
906 3209 1075 3270 seeundum
1090 3227 1150 3268 mo·
1183 3212 1185 3218 ’

236 3291 318 3369 dam,
339 3292 394 3352 sad
417 3293 446 3350 iu
470 3291 620 3355 oautelam
638 3294 946 3372 superabundantius,
971 3310 1064 3371 quarn
1083 3310 1148 3370 pse·

235 3383 337 3437 satum
366 3373 554 3449 merebatur,
584 3376 741 3454 imposuit.
790 3378 828 3438 lit
863 3378 941 3436 haee
974 3376 1042 3455 plue
1071 3376 1148 3434 dem·

237 3458 351 3533 nanda,
372 3477 469 3536 quam,
486 3458 577 3537 prior.
973 3477 975 3484 ·

267 3596 270 3604 ,
318 3539 390 3613 Alii,
411 3540 493 3617 quod
514 3547 643 3618 prosunt
664 3541 767 3618 quoad
791 3541 889 3602 Deum
916 3548 947 3602 et
979 3541 1146 3616 ecelesiam,

310 3720 345 3783 1)
365 3723 394 3772 in
416 3725 458 3775 ee.
473 3686 579 3791 ¹pram:
600 3726 685 3779 vines.
758 3727 789 3787 2)
813 3727 894 3780 iere.:
920 3725 954 3778 ae
976 3726 1006 3778 a.
1026 3727 1058 3778 u.
1078 3731 1103 3779 e
1120 3725 1146 3776 e.

240 3790 271 3848 3)
292 3790 325 3840 ln
343 3791 384 3842 ed.
403 3793 480 3849 lem:
500 3799 607 3848 sentiat.
1055 3829 1059 3848 .
