2600 4300
233 311 298 379 410
396 280 401 287 ’
489 316 617 387 apaan
634 316 710 384 eru.
729 318 815 375 uses.
834 319 898 376 su.
957 300 960 307 '

232 485 379 550 certiores
399 484 467 547 fieri
488 504 551 566 uon
573 488 741 565 potuimus,
760 487 881 552 Martini
906 487 1078 551 doctrinam
1100 488 1152 549 im·

231 569 326 648 pianr,
347 588 410 629 nou
432 566 632 631 Christianam
670 577 701 633 et
721 570 905 634 haereticam
930 591 1021 649 esse,
1044 589 1152 651 exeep-
1184 642 1189 652 ¹

233 652 272 711 tis
293 652 465 729 nonnullis,
488 670 617 731 quorum
638 654 684 713 rei
706 654 847 733 privatae
870 663 901 715 et
919 654 1042 717 utilitati
1064 673 1153 735 penu-

232 736 349 797 niariae
368 734 497 795 eruditio
519 737 585 797 eius
606 755 671 797 non
693 737 821 815 profuit,
853 740 920 817 qui,
948 745 983 799 ut
1011 738 1154 817 propriae

233 818 442 881 oommoditati
464 818 680 897 consulerent,
712 820 842 881 Martino
866 830 936 881 sese
958 820 1153 881 adversarios

221 906 451 982 opposuerunt,
473 920 528 961 suo
551 910 654 963 tamen
676 904 837 983 proposito
860 911 969 966 eontra
989 904 1154 964 Martinum

232 984 368 1047 nondum
398 984 540 1064 probato.
581 984 659 1045 Nam
691 986 716 1045 si
738 986 842 1064 aliquo
872 990 1028 1047 constanti
1049 985 1154 1047 lunda-

232 1074 337 1129 mento
360 1075 391 1127 et
411 1068 531 1127 ratione
552 1067 803 1147 intelligeremus,
827 1070 863 1129 l).
885 1070 1008 1131 Martini
1030 1069 1155 1131 Lutheri

232 1150 402 1211 doctrinam
424 1152 550 1229 impiam
572 1158 603 1209 et
624 1150 799 1211 instabilem
822 1170 910 1229 esse,
931 1152 991 1213 Dei
1014 1154 1156 1232 omnipo-

232 1235 323 1295 tentis
345 1234 459 1293 auxilio
483 1240 515 1292 et
535 1232 651 1313 gratia‘
662 1234 785 1312 ipsimet
816 1236 859 1295 ita
880 1254 937 1295 nos
961 1235 1156 1305 doceremus,

230 1322 266 1377 ut
284 1316 370 1377 nulla
379 1316 586 1397 indigeremus
598 1316 812 1379 exhortatione
826 1324 918 1395 etque
931 1318 1155 1379 admonitione.

230 1398 344 1461 Noster
364 1401 446 1461 enim
462 1400 601 1477 animus,
630 1406 737 1459 nostra
759 1400 912 1477 voluntas,
936 1411 1045 1463 nostra
1067 1420 1156 1461 mens

231 1484 264 1543 in
283 1482 346 1543 hoo
367 1489 431 1543 tota
453 1490 516 1561 est,
538 1489 572 1541 ut
592 1481 631 1541 ad
655 1482 819 1543 Christiani
843 1483 992 1565 Principis
1015 1484 1156 1563 officium

232 1567 272 1626 sit
290 1566 503 1647 paratissima,
534 1571 565 1625 et
597 1566 647 1644 qui
670 1565 736 1627 Deo
759 1565 898 1627 adiutore
927 1576 958 1627 et
989 1568 1103 1627 honori
1128 1574 1157 1627 et

231 1649 440 1711 eonscientiae
453 1664 534 1707 suae
558 1648 664 1727 oupiat
685 1648 869 1710 oonsultum.

313 1753 512 1834 Quapropter¹
546 1752 646 1812 modis
676 1754 818 1813 omnibus
847 1756 1061 1834 speravimus,
1095 1774 1156 1815 non

232 1836 375 1913 loturum,
397 1842 430 1896 ιιι
449 1837 480 1895 in
503 1834 563 1895 hoo
584 1846 684 1895 rerum
700 1842 780 1896 statu
794 1836 854 1897 hae
866 1838 1060 1898 affioeremur
1074 1856 1157 1899 oom-

233 1920 422 1996 minatioue,
453 1919 571 1979 scilieet
599 1918 688 1979 Rom.
712 1920 825 1979 auriam
853 1920 884 1980 id
916 1938 1029 1981 oausae
1053 1938 1158 2001 prose-

233 2008 395 2083 quuturam
423 2010 455 2062 et
481 2002 695 2062 Reverentiam
727 2008 861 2062 vestram
893 2024 1001 2064 manus
1032 2004 1159 2079 lavisse,

234 2086 282 2147 vel
303 2092 337 2145 ut
357 2106 375 2146 a
396 2085 485 2146 nobis
508 2084 722 2164 postularetur,
746 2090 778 2144 ut
798 2085 961 2146 Martinam
991 2086 1159 2147 Lutherum

234 2171 300 2230 sive
321 2169 453 2229 Romam
475 2170 675 2245 mitteremus,
698 2170 763 2229 sive
785 2187 824 2229 ex
841 2171 952 2230 nostris
977 2170 1159 2252 regionibus

234 2251 468 2333 expelleremus,
493 2269 555 2311 non
577 2259 681 2312 tamen
704 2251 743 2312 ob
767 2251 836 2328 elia,
859 2271 948 2331 quam
973 2253 1058 2332 quod
1082 2251 1158 2336 Nar-

233 2337 315 2397 tinus
337 2333 485 2394 Lutherus
519 2333 654 2395 oriminis
677 2334 841 2395 haereseos
864 2335 1001 2396 nondum
1035 2338 1158 2397 eonvio-

233 2425 282 2479 tns
304 2425 360 2479 est.
403 2417 572 2477 Pelleretur
601 2418 682 2477 enim
714 2419 912 2479 incommodo
934 2426 1062 2479 nostrae
1086 2419 1160 2480 Uni·

233 2501 402 2579 versitatis,
433 2503 512 2560 sieut
532 2501 563 2559 in
585 2501 665 2560 hano
685 2499 767 2560 diem
790 2509 896 2561 notum
918 2507 983 2578 est,
1012 2501 1158 2563 Christia-

234 2603 303 2663 nae,
327 2591 359 2645 οι
380 2583 493 2644 multos
514 2582 613 2644 bonos
635 2589 667 2644 et
689 2583 797 2644 doetus
820 2590 851 2644 et
882 2584 1038 2648 studiosos
1060 2585 1158 2646 honri-

234 2685 291 2730 nes
312 2666 465 2728 habentis.

317 2773 425 2852 Neque
456 2772 612 2832 omisimus
640 2771 677 2831 D.
708 2771 838 2833 Martino
871 2780 991 2832 vestrae
1022 2773 1157 2832 caritatis

236 2855 339 2918 literas
362 2855 530 2930 exhibere,
553 2854 591 2913 ad
615 2871 690 2933 quas
713 2853 801 2914 nobis
825 2855 991 2916 seeundum
1014 2863 1156 2916 tenorem

138 2996 142 3007 .
237 2937 381 3018 exempli,
402 2938 449 2999 his
472 2939 583 2997 nostris
605 2935 701 2996 literis
724 2937 843 3016 inolusi,
866 2937 1035 3022 respondit.

319 3044 395 3106 Cum
416 3044 522 3122 itaque
536 3042 572 3102 D.
593 3041 740 3102 Martinus
763 3062 831 3104 sese
853 3042 961 3108 offerat
981 3043 1022 3104 ad
1044 3044 1157 3124 aliqua·

236 3147 303 3188 rum
320 3127 560 3190 Universitatum
581 3124 725 3187 iudioiuur
749 3133 780 3188 et
799 3127 831 3186 in
853 3126 929 3188 loeis
962 3128 1034 3190 tutis
1057 3125 1156 3208 dispu-

236 3212 394 3278 tationem,
417 3216 449 3270 et
469 3208 596 3288 eoguita
614 3226 709 3270 nausa
725 3210 942 3288 permissurum
964 3229 999 3271 se
1011 3209 1155 3275 obedien·

237 3299 349 3370 ter,.ut
368 3292 517 3355 donentur
537 3298 569 3351 et
588 3291 679 3352 simul
695 3291 831 3354 dueatur.
874 3291 1065 3366 Arbitremur
1085 3313 1154 3358 eum

235 3377 345 3436 merito
366 3374 611 3451 admittendum,
637 3380 691 3434 aut
714 3375 820 3436 saltem
843 3376 872 3435 ei
895 3375 1106 3438 ostendendos
1126 3378 1154 3438 in

236 3458 358 3535 seriptis
380 3477 509 3535 errores,
530 3456 559 3516 id
573 3456 656 3535 quod
678 3463 709 3518 et
729 3468 786 3518 nos
806 3459 948 3537 petimus,
970 3460 1154 3535 utsoiemus,

156 3589 161 3599 .
235 3537 435 3616 quamobrem
459 3545 561 3601 tamen
581 3539 753 3606 haereticus
770 3559 839 3602 asse
853 3539 974 3618 debeat,
997 3547 1028 3600 et
1045 3541 1153 3604 habea·

239 3633 306 3678 urus
328 3619 411 3696 quod
433 3639 595 3698 sequamur
613 3628 645 3682 et
665 3621 821 3682 satiamus·
864 3623 972 3702 Neque
994 3625 1077 3684 enim
1098 3644 1151 3686 nos

226 3698 283 3760 ‚ita
305 3700 460 3772 (noudum
482 3704 672 3780 convictum)
698 3724 753 3782 pro
775 3705 931 3768 haeretico
953 3708 1151 3785 reputandum

238 3781 273 3836 et
291 3779 482 3845 seribeudum
504 3787 661 3851 sentimus.
689 3785 829 3866 Denique
848 3807 914 3857 non
936 3787 1068 3852 libenter
1088 3810 1151 3870 per·
