2600 4300
227 293 269 360 32
462 295 619 368 seipsum
637 297 672 352 n.
691 297 768 368 part
787 292 900 354 musti

227 463 356 528 vendas.
399 463 480 540 Quid
502 467 528 527 si
550 469 736 531 contorium
757 468 858 530 verius
879 469 928 548 sit,
949 469 1060 548 petunt
1092 461 1154 523 suf-

227 546 367 628 fragium,
390 567 467 627 ergo
489 549 690 630 ignorantes
712 549 897 612 salvandas?

311 627 372 708 sio,
393 629 534 710 inquam,
567 637 672 712 potest
692 631 773 712 fieri,
804 639 837 694 ut
863 652 883 692 a
903 633 982 695 faeie
1003 636 1154 692 aeternae

227 714 292 774 irae
312 713 473 775 horrentes
494 715 623 776 timeant
643 717 753 797 perire,
776 723 807 786 et
827 717 859 776 in
881 715 982 779 laeum
1003 716 1051 776 ire
1074 731 1155 772 sem-

227 801 391 938 plrteruum,
407 803 439 856 et
463 817 503 858 ne
514 799 629 867 intrent
641 818 730 860 orare
745 805 776 862 et
792 797 969 880 suffragium
990 813 1153 878 quaerere.

257 898 296 940 oo
317 879 449 940 ecelesia
468 879 589 942 videtur
609 883 740 962 sentire,
774 881 897 962 quaudo
920 901 976 962 pro
999 881 1043 940 eis
1067 883 1155 940 orat:

115 1013 120 1030 ‚
227 959 275 1022 Ne
295 960 461 1024 absorbeat
480 983 533 1026 eas
555 971 703 1046 tartarus,
732 963 806 1026 item
826 963 936 1026 Libera
956 983 1011 1025 eos
1034 961 1075 1022 de
1098 979 1158 1022 ore

227 1045 337 1106 leonis.
398 1045 481 1106 Eoos
506 1047 537 1107 in
560 1067 614 1108 ore
642 1048 757 1120 leonis,
789 1049 913 1109 iamiam
942 1044 1156 1128 deglutientis,

228 1134 260 1190 et
275 1128 308 1188 in
329 1127 529 1208 absorptione
551 1133 657 1192 tartari
679 1150 732 1192 eas
754 1151 823 1194 esse
846 1131 979 1192 eeclesia
999 1133 1156 1209 protesta-

227 1217 285 1274 tur.
329 1209 391 1272 Sed
413 1211 514 1293 latius,
534 1213 586 1274 ubi
609 1212 683 1274 dixi.

311 1293 464 1372 Secunda,
485 1297 598 1377 inquis,
619 1295 738 1358 falsitas
760 1303 816 1374 est,
840 1297 931 1374 Quod
953 1296 1005 1376 qui
1019 1313 1156 1375 purgan-

228 1384 276 1438 tur
308 1378 452 1458 timeant,
484 1386 699 1460 praeterquam
727 1379 876 1460 filialiter,
906 1381 977 1459 quia
998 1379 1092 1438 timor
1116 1375 1166 1436 de'

129 1532 132 1537 ¹
227 1461 328 1523 futuro
350 1460 443 1531 melo.

310 1542 513 1624 Responde0:
544 1544 611 1606 Tuo
640 1552 675 1606 te
701 1546 805 1628 gladio
835 1553 928 1626 peto„
979 1543 1156 1606 Temeritas

229 1632 277 1687 est
297 1627 328 1686 in
349 1626 407 1708 his,
430 1647 509 1706 quse
531 1647 589 1688 nos
610 1629 689 1690 ratio
705 1629 851 1690 naturalis
867 1647 931 1690 non
946 1627 1047 1706 docet,
1070 1623 1156 1686 velle

228 1708 344 1788 aliquid
366 1708 493 1770 definire
514 1717 621 1773 nostra
643 1715 818 1774 autoritate.
853 1711 932 1774 Elue
953 1711 1035 1772 hane
1056 1715 1155 1769 teme-

228 1794 352 1854 ritatem
373 1799 472 1871 tuam,
493 1795 545 1873 qui
566 1795 633 1856 sine
654 1797 818 1858 autoritate
841 1801 927 1858 tauta
948 1793 1061 1854 fiducia
1083 1809 1155 1872 pro-

126 1951 128 1953 ·
229 1876 374 1952 nuueias,
407 1895 470 1936 non
493 1895 563 1936 esse
584 1878 616 1936 in
636 1879 813 1959 purgatorio
836 1879 894 1940 nisi
916 1875 1040 1938 filialem
1063 1877 1155 1936 timo-

229 1978 304 2038 rem,
323 1957 473 2019 Thomam
496 1960 578 2021 enim
598 1979 662 2021 non
684 1959 787 2022 audio.

312 2039 474 2119 seeundo,
503 2042 594 2104 video
623 2047 654 2102 te
676 2063 714 2104 eo
738 2063 841 2105 errore
867 2031 1026 2120 labdrare,
1063 2041 1154 2120 quasi

228 2125 328 2206 possit
349 2144 418 2187 esse
439 2123 539 2187 filialis
559 2121 656 2188 timor*
672 2127 704 2187 in
726 2128 776 2188 via
798 2135 860 2189 tam
878 2145 980 2207 puruS,
1003 2131 1036 2185 ut
1049 2123 1154 2185 nullus

229 2228 299 2269 oum
320 2228 358 2271 eo
392 2209 505 2269 mixtus
526 2210 566 2269 sit
586 2211 677 2271 timor
704 2210 823 2271 servilis
851 2230 1035 2291 poenarum,
1060 2206 1154 2288 ,quod

228 2292 314 2351 iuxta
341 2291 528 2371 scripturam
561 2298 592 2353 et
621 2294 849 2355 aeclesiasticos
878 2300 980 2373 patres
1014 2311 1077 2353 non
1106 2298 1155 2351 est

228 2374 387 2455 possibile,
410 2394 479 2435 oum
496 2375 581 2435 nulla
596 2377 690 2437 virtus
704 2374 887 2457 perficiatur,
909 2376 968 2437 nisi
989 2378 1019 2437 in
1041 2374 1152 2455 patria.

228 2456 270 2517 Et
299 2457 378 2519 haee
399 2476 488 2518 meae
515 2460 678 2538 positionis
706 2479 800 2521 eausa
830 2466 892 2539 est,
927 2460 998 2538 quia
1030 2458 1154 2518 animae

230 2546 301 2601 sunt
320 2540 520 2621 imperfectae
541 2542 689 2621 paritatis,
703 2543 853 2617 habentes
867 2542 994 2603 mixtum
1008 2542 1152 2601 timorem

229 2642 411 2703 poenarum,
430 2619 464 2697 id
486 2630 542 2702 est,
557 2625 709 2687 servilem.
743 2626 806 2687 Aut
818 2625 896 2687 does
908 2645 968 2705 me,
992 2621 1152 2705 quomodo

230 2706 270 2770 de
290 2726 394 2785 poena
408 2704 544 2785 doleant,
565 2708 592 2768 si
613 2727 677 2769 nun
690 2711 799 2769 timent
817 2728 896 2789 eam,
914 2710 940 2767 si
956 2728 1017 2769 non
1036 2706 1152 2767 dissen-

230 2790 309 2851 tiunt
331 2788 369 2852 ab
391 2808 445 2868 ea,
466 2790 525 2850 nisi
546 2789 684 2853 definitio
707 2791 822 2853 doloris
842 2792 878 2853 B.
899 2791 1062 2873 Augustini
1093 2789 1153 2849 alia

231 2878 279 2933 est
298 2874 330 2933 in
351 2874 541 2953 purgatorio,
562 2872 624 2935 alia
645 2894 737 2955 super
758 2882 879 2953 terram,
902 2894 962 2955 qua
983 2872 1065 2951 dieit,
1089 2872 1152 2934 Do·

229 2956 279 3016 lor
301 2962 349 3017 est
369 2954 520 3017 dissensio
543 2958 637 3018 animi
659 2956 697 3019 ab
719 2958 756 3021 iis
778 2957 885 3037 rebus,
914 2976 994 3037 quae
1021 2956 1152 3017 nolenti-

230 3038 287 3103 bus
325 3038 414 3099 nobis
452 3037 604 3103 accidunt.
652 3040 768 3103 Doleat
796 3040 890 3123 ergo?
940 3038 1003 3101 Sed
1025 3038 1088 3099 hoe
1110 3036 1151 3116 fit,

231 3122 303 3201 quia
330 3121 451 3200 nolunt,
478 3122 504 3182 si
530 3121 657 3203 nolunt,
691 3124 841 3185 serviliter
868 3124 977 3185 timent
1006 3140 1152 3203 poenam.

229 3203 277 3268 Tu
299 3223 387 3283 cape,
409 3222 468 3285 ego
490 3222 549 3265 nee
568 3204 686 3287 fingere
707 3226 843 3287 possum,
866 3204 949 3287 quod
966 3208 1034 3287 quis
1049 3204 1153 3265 doleat

230 3287 270 3349 de
289 3306 403 3369 poena,
425 3306 516 3366 quam
536 3307 601 3349 non
623 3290 731 3351 timeat
751 3299 804 3351 aut
823 3290 957 3351 horreat.

312 3368 427 3449 Tertio,
448 3369 479 3429 id
500 3390 574 3433 vero
599 3391 692 3452 quam
711 3382 800 3435 acute
821 3372 941 3452 dixisti,
970 3372 1043 3453 quia
1064 3372 1153 3431 timor

231 3455 271 3515 sit
299 3452 338 3513 de
365 3453 466 3514 futuro
499 3452 591 3517 malo.
643 3455 774 3517 Animae
795 3463 899 3517 autem
920 3464 991 3517 sunt
1012 3456 1045 3515 in
1067 3473 1151 3535 prae-

230 3536 366 3599 sentibus
388 3534 485 3599 malis.
529 3535 562 3598 si
584 3539 758 3619 eogitarel)
783 3559 903 3621 posses,
924 3539 974 3600 vel
995 3546 1152 3621 gustasses

232 3714 653 3731 mm

244 3857 248 3871 ,
289 3803 319 3871 1)
336 3803 367 3856 ln
385 3803 430 3870 ed.
447 3804 524 3859 lan:
554 3804 685 3873 rogans.
