2600 4300
256 310 319 377 158
508 313 709 373 Roenlttlonesl
721 312 831 388 ursona
849 319 928 375 lintis.
991 340 997 353 1

167 558 176 575 ‚
256 491 359 547 samm
379 494 526 567 maneret,
548 489 606 548 nisl
627 490 787 551 remissum
809 489 956 551 erederet.
988 489 1057 551 Non
1077 492 1160 551 etiam

256 569 366 629 suflicit
378 572 519 631 remissio
528 574 651 651 peeoati
672 579 703 633 et
724 574 842 654 gratiae
854 572 993 651 donatio,
1015 572 1068 633 sed
1082 592 1162 658 opor·

254 659 300 713 tet
321 654 415 713 etiam
436 654 562 714 eredere
584 672 655 715 esse
675 658 843 717 remissam.
885 656 926 715 Et
941 656 1003 717 hoo
1024 662 1070 716 est
1089 659 1162 716 testi-

254 738 408 804 monium,
437 737 521 815 qnod
549 736 650 799 reddit
681 740 803 819 spiritus
825 740 882 799 Dei
909 739 1027 818 spiritui
1054 746 1162 815 nostro,

255 819 339 898 qnod
360 836 463 879 sumus
485 820 634 895 uitiosi,
662 824 734 900 qnia
754 840 824 882 esse
844 821 939 883 filium
962 822 1020 881 Dei
1043 829 1089 881 est
1107 828 1163 881 tam

254 901 469 963 absoonditum
499 905 585 982 (enm
616 912 765 984 appareat
791 904 849 965 sibi
876 924 946 965 esse
968 904 1064 965 hostis
1085 904 1164 982 Dei),

254 992 297 1060 ut,
319 987 378 1045 nisi
399 986 541 1046 credatur
559 988 604 1047 ita
624 1006 704 1067 esse,
725 1006 788 1047 non
809 990 909 1067 possit
919 1006 998 1048 esse.
1021 986 1071 1048 Sia
1091 989 1165 1047 enim

254 1067 396 1129 mirificat
413 1070 563 1129 Dominus
585 1077 710 1131 sanctos
732 1089 820 1147 suos,
858 1070 942 1150 quod
969 1088 1062 1131 nemo
1085 1071 1166 1129 susti·

253 1159 342 1212 neret
365 1172 488 1211 manum
508 1152 700 1213 instilloentia
728 1160 759 1213 et
779 1152 951 1229 medentis,
981 1154 1040 1213 nisi
1070 1152 1168 1212 eredat

254 1254 323 1295 eum
344 1235 507 1297 iustilloare
543 1243 575 1295 et
594 1235 719 1296 mederi.
763 1236 848 1296 Siout
868 1236 1005 1296 medicus
1036 1237 1168 1315 eorporis

253 1317 393 1378 insidens
425 1317 578 1377 infirmum
603 1338 667 1379 non
690 1318 822 1379 ereditur
841 1319 873 1379 id
900 1318 1002 1379 studio
1031 1317 1167 1379 medendi

253 1401 355 1462 lacere
376 1402 415 1461 ab
436 1401 567 1480 infirmo,
589 1403 648 1461 nisi
670 1402 743 1462 boni
764 1404 855 1462 amici
873 1401 1081 1482 persuadeant
1099 1403 1134 1461 ei.

336 1484 408 1546 Sive
429 1504 503 1565 ergo
522 1484 667 1546 saeerdos
690 1487 729 1545 sit
750 1504 843 1545 eausa
864 1487 929 1545 sine
941 1504 1002 1564 qna
1014 1502 1087 1562 non,
1109 1486 1169 1543 sive

253 1567 315 1627 alia
334 1568 525 1627 remissionis
545 1574 759 1647 peooatorum,
781 1586 845 1628 non
865 1586 950 1646 euro,
974 1567 1044 1627 dnm
1068 1586 1168 1627 verum

253 1669 324 1710 esse
344 1650 448 1729 aliquo
462 1650 555 1711 modo
578 1658 709 1728 oonstet,
731 1650 924 1711 sacerdotem
935 1652 1091 1710 remittere
1104 1668 1169 1729 pea

254 1740 324 1793 eata
344 1741 377 1793 et
397 1734 528 1812 oulpam.
571 1734 657 1794 Siout
678 1734 784 1793 amieis
805 1732 916 1793 infirmi
943 1752 1018 1793 vere
1045 1734 1169 1811 imputa-

252 1822 302 1877 tur
322 1817 447 1892 sanitas,
469 1816 541 1875 dum
562 1832 619 1876 sua
637 1816 764 1877 suadela
778 1816 953 1895 effeoerunt,
979 1823 1013 1875 ut
1034 1815 1170 1875 erederet

251 1897 390 1959 infirmus
413 1898 555 1959 caedenti
577 1899 707 1960 medion.

335 1980 400 2041 Neo
422 1983 472 2041 hio
495 1988 619 2061 oportet
639 1982 794 2061 eogitare,
817 1981 890 2061 quid
912 1983 938 2041 si
961 1980 1107 2041 snoerdos
1130 2000 1171 2039 er-

253 2064 358 2129 raret?
381 2066 453 2144 quie
474 2082 537 2125 non
559 2066 591 2123 in
612 2064 792 2140 saosrdole‚
815 2064 923 2139 sedin
944 2064 1039 2125 verbo
1058 2062 1171 2125 Christi

253 2149 360 2210 nititur
385 2150 527 2209 remissio
555 2147 617 2208 illa.
660 2149 732 2210 ldeo
756 2151 822 2208 siva'
842 2146 989 2209 sacerdos
1021 2146 1053 2207 id
1082 2147 1171 2206 faeiat

251 2233 327 2293 lueri
347 2232 397 2293 vel
408 2232 535 2292 honoris
557 2249 659 2308 eausa,
673 2240 713 2291 tu
734 2231 828 2292 modo
849 2238 940 2310 optes
961 2231 1169 2290 remissionem

204 2319 207 2328 ’
252 2318 320 2376 sine
340 2315 483 2391 liotions,
518 2321 549 2374 et
583 2314 691 2374 eredas
721 2315 911 2394 promittenti
934 2313 1077 2390 Christo,
1108 2315 1167 2372 imo

253 2400 373 2459 etiamsi
394 2419 433 2458 ex
461 2399 586 2458 levitate
601 2397 797 2475 absolveret,
820 2397 920 2456 adhuo
943 2397 1097 2458 obtineres
1119 2415 1168 2476 pa-

253 2501 320 2543 oem
343 2499 383 2540 ex
404 2480 465 2540 flde
485 2488 551 2558 tue,
573 2482 653 2540 siout
673 2479 857 2560 baptismum
879 2499 933 2540 seu
958 2480 1166 2540 eucharistiam

253 2564 315 2644 dat,
337 2566 403 2624 sive
420 2564 473 2623 ille
482 2564 599 2624 luorum
609 2570 745 2642 quaerat,
758 2564 823 2624 sive
834 2563 911 2623 levis
931 2581 969 2622 an
988 2562 1099 2623 ludens
1123 2564 1165 2640 sit

252 2646 393 2707 tuefidea
413 2647 537 2725 plenum
559 2647 682 2726 seolpit,
705 2652 792 2706 tanta
811 2665 861 2706 res
884 2653 932 2706 est
947 2645 1166 2708 verbum-Obri-

253 2731 314 2808 sti,
343 2737 375 2789 et
396 2730 472 2789 fides
495 2732 571 2789 eius.

333 2811 411 2872 Nam
444 2812 571 2892 legimus
597 2814 677 2872 inter
707 2819 795 2890 gesta
823 2818 988 2892 martyrum
1019 2809 1165 2890 quendam

251 2895 376 2955 lllmum
398 2897 480 2970 ioco,
500 2897 564 2955 imo
584 2894 742 2954 illudendo
765 2895 958 2975 baptismum,
981 2894 1163 2974 baptizarill

251 2979 396 3057 voluisse,
418 2985 450 3038 et
469 2981 551 3038 inter
566 2977 781 3057 baptizandum
799 2984 992 3056 conversum,
1014 2977 1164 3056 verebap·

250 3064 376 3122 tizatum
397 3081 417 3121 a
437 3063 500 3120 snis
512 3061 718 3121 collusoribus
729 3061 903 3141 gentilibus,
926 3067 956 3120 et
964 3061 1072 3120 statim
1094 3079 1163 3120 mar·

251 3148 331 3226 tyrio
354 3144 392 3205 ab
415 3144 532 3204 eisdem
554 3150 745 3204 coronatum.

333 3227 451 3290 ltemS.
463 3227 649 3287 Athanasius
670 3245 748 3306 puer
768 3243 881 3306 pueros
894 3227 1070 3306 baptizavit,
1091 3245 1162 3304 quos

251 3315 416 3393 episeopus
445 3310 653 3370 Alexandriae
680 3315 790 3389 postea
823 3309 994 3390 baptizatos
1015 3308 1161 3386 iudioavit

251 3398 336 3456 utin
357 3393 462 3456 Eoole.
490 3393 581 3455 histo.
602 3393 642 3468 ²).
674 3393 725 3452 *ut
751 3391 785 3452 B.
814 3393 984 3472 Cyprianus
1020 3410 1126 3471 paoem
1147 3411 1162 3450 a

251 3479 559 3557 quodamepisoopo
581 3476 735 3556 Therapio
765 3475 867 3534 datam
889 3493 1094 3556 praepropere
1121 3494 1160 3534 rs

250 3560 413 3638 prehendit
440 3560 584 3638 quidem,
614 3559 670 3618 sed
690 3564 789 3619 ratam
818 3577 886 3618 esse
919 3558 1025 3618 voluit.
1071 3557 1159 3636 Igitur

289 3751 361 3816 1)1n
383 3753 425 3807 ed.
443 3759 530 3822 prino.
552 3770 663 3824 semper
683 3759 821 3825 scriptum
835 3757 1103 3826 legiturz‘baptlsali
1114 3762 1159 3810 ete.

253 3821 285 3878 “l
300 3823 330 3872 ln
348 3822 390 3874 ed.
408 3825 469 3880 len.
489 3826 614 3880 additum
631 3834 690 3881 est:
708 3828 756 3882 lib.
776 3829 818 3884 10.
839 3844 899 3897 oep.
920 3827 962 3882 14.
1056 3864 1058 3867 .
