2600 4300
294 369 301 376 ·
393 342 489 396 Brevis
506 343 633 395 narratio
650 341 686 396 ds
705 341 736 396 O.
754 341 871 396 liiititio.
1038 338 1100 406 451

176 527 239 570 nec
260 511 290 570 ri
312 513 491 592 opprimere
507 512 546 573 D.
568 513 732 573 Mertinum
752 509 915 572 Lutherum
936 510 1027 574 rebus
1050 530 1101 575 ns-

179 611 240 671 que
262 593 703 741 todegdlltddonidqiudoddddesatddt
731 677 963 758 quibuscunque
990 675 1101 740 officiis

176 765 209 818 et
229 760 353 820 nunciis
375 763 476 823 missis
502 762 675 824 accendere
698 759 820 822 Ducem
848 759 1032 822 Frid‘ericum
1060 760 1101 822 ed

163 844 341 922 ospcriors
360 844 499 908 consilis.
529 843 736 924 Exhibitique
754 844 841 905 Rosa
863 843 991 905 Carolus
1013 843 1102 920 uitu-

175 924 239 988 tius
269 927 411 1005 quereias
442 935 476 990 et
503 927 650 990 mandato
675 925 787 990 Leonis
809 927 846 988 X.
874 929 1036 1008 exposuit,
1070 933 1102 990 et

176 1008 356 1087 deploravit
383 1010 558 1076 discordiae
577 1011 666 1072 initis
693 1018 724 1072 et
746 1011 863 1072 semina
895 1011 927 1070 in
960 1009 1101 1090 ecclesis,

177 1099 210 1158 si
231 1099 341 1172 sparte
362 1094 488 1175 cuipam
508 1096 540 1154 in
556 1093 593 1155 D.
603 1094 766 1154 Martinum
774 1093 946 1173 Lutherum,
969 1101 1001 1154 et
1022 1101 1102 1154 tecte

174 1177 208 1235 in
230 1174 349 1236 Ducem
371 1176 529 1238 ducnise
549 1177 736 1238 Eridcrioum
759 1176 906 1256 contulit,
930 1185 964 1238 et
982 1178 1100 1260 magnis

175 1256 440 1322 obtentionibus
461 1262 579 1340 petivit,
601 1268 635 1322 ut
655 1261 693 1324 D.
715 1259 862 1320 Martinus
877 1257 1026 1320 Lutherus
1047 1279 1102 1340 op-

175 1341 370 1419 primenurr.
398 1341 493 1404 Haec.
515 1361 610 1424 steps
637 1343 759 1404 rediens
788 1341 826 1402 ad
849 1342 950 1403 sulam
973 1342 1102 1404 Carolus

174 1423 318 1485 stilutins
340 1424 446 1486 sedulo
468 1425 589 1506 agebat.

261 1505 340 1568 Cum
362 1515 463 1568 autem
478 1508 698 1570 deliberaretur
718 1509 757 1571 de
775 1509 977 1588 responsione
999 1505 1101 1570 danda
1201 1539 1202 1544 1

175 1589 294 1651 Carolo
310 1590 442 1671 Miltitio,
463 1591 649 1652 reverendus
671 1591 708 1652 D.
730 1591 877 1652 Martinus
899 1590 1047 1652 Lutirerus
1069 1593 1100 1652 iu
1191 1601 1193 1609 '

175 1673 308 1734 aedibus
327 1673 367 1737 D,
383 1673 512 1762 Georgii
527 1673 878 1754 SpoletiniAldsnburgi
900 1674 978 1734 haec
1000 1675 1101 1755 capita
1193 1749 1200 1766 .

176 1757 394 1836 responsionis
415 1760 583 1818 annotavit.

262 1838 375 1916 Primo,
397 1839 585 1920 arguendum
605 1859 674 1902 esse
696 1859 847 1900 summum
857 1837 1047 1919 Pontificem,
1070 1847 1102 1900 et

174 1924 206 1982 in
228 1921 316 1983 hunc
336 1922 435 1984 solum
457 1929 553 1984 totam
587 1929 620 1986 et
640 1941 790 1982 summam
803 1922 1028 2006 congerendam
1051 1941 1100 1983 ac

175 2007 387 2084 cusationem,
416 2012 448 2066 et
469 2007 572 2066 omnia
592 2013 773 2087 argumenta
798 2015 943 2084 (quorum
967 2006 1100 2086 quinque
1186 2013 1192 2020 ‘

174 2087 521 2151 annotaveratcsrolus
539 2089 695 2151 Miltitius:
719 2092 746 2152 1.
769 2085 919 2162 Populum
942 2089 1099 2150 seductum

176 2174 209 2231 in
232 2174 383 2253 opinione
404 2173 680 2255 indulgentiarum,
709 2175 737 2236 2.
760 2172 923 2232 Lutherum
944 2172 1033 2233 huius
1054 2192 1100 2233 se-

176 2254 335 2316 ductionis
357 2262 506 2332 sutorem,
529 2256 557 2319 3.
579 2255 753 2317 Johannem
776 2254 880 2315 Tetus}
904 2258 1099 2317 occasionem

175 2336 303 2399 dedisse
323 2338 466 2414 Luthero,
487 2342 516 2401 4.
539 2338 728 2419 Episcopum
738 2338 1033 2419 Magdeburgensem
1047 2339 1100 2401 im-

174 2421 293 2501 pulisse
314 2421 488 2482 iohannem
508 2421 614 2483 Tetzel
641 2422 681 2481 sd
710 2440 788 2502 opus
816 2422 917 2481 studio
949 2430 1102 2501 quaestus,

175 2508 204 2568 5.
219 2504 511 2565 Johannem'l'etsei
532 2507 706 2565 excessisse
728 2502 853 2565 modum
875 2506 1011 2583 impositi
1028 2522 1101 2585 ope-

174 2588 250 2663 ris).
285 2586 364 2647 Nam
386 2588 436 2649 hic
456 2601 514 2670 pro
537 2586 641 2649 officio
673 2606 729 2648 suo
752 2586 900 2647 debueret
930 2587 979 2647 vel
1002 2589 1102 2668 prohi-

174 2669 252 2733 bere
272 2668 462 2751 Episcopum
482 2670 789 2751 Esgdeburgensem,
811 2689 851 2730 ne
873 2676 919 2730 tot
940 2672 1099 2751 episcopa-

174 2760 224 2813 tus
244 2754 379 2823 ¹ambiret
399 2774 494 2833 unus,
522 2760 575 2814 aut
596 2762 679 2814 certe
700 2754 794 2837 gratis
819 2754 916 2831 (siout
938 2755 1059 2835 accepit
1081 2774 1099 2813 e

173 2836 331 2915 Domino)
367 2837 396 2896 ei
429 2836 578 2898 conferre.
610 2836 700 2897 Nunc
727 2838 799 2916 quia
832 2842 864 2895 et
897 2836 1096 2898 ambitionem

174 2918 259 2979 iliius
280 2919 376 2998 aluit,
405 2925 437 2979 et
458 2939 544 2980 susm
567 2921 727 2981 avaritiam
750 2918 886 2999 explevit
907 2926 954 2980 tot
974 2920 1097 2981 milibus

174 3020 231 3081 pro
244 3000 349 3063 Psiliis
371 3006 403 3063 et
424 3002 662 3083 dispensatione,
685 3002 900 3063 necessitatem
932 3002 1005 3063 iecit
1029 3002 1099 3083 Epi·

174 3102 276 3164 saopo
297 3086 444 3165 pecunias
465 3086 526 3146 isto
558 3084 652 3146 modo
675 3084 842 3165 quaerendi
870 3092 901 3145 et
922 3104 978 3165 pro
1002 3084 1099 3145 indul-

174 3168 290 3247 gentiis
312 3168 459 3249 populum
481 3168 595 3229 Christi
616 3166 796 3229 foedissime
818 3166 1013 3248 deglubendi.
1046 3168 1099 3229 ut·

174 3268 235 3329 que
256 3250 289 3310 in
310 3250 370 3311 hoc
392 3253 492 3331 ipsum
513 3252 573 3311 iam
596 3252 686 3312 tertis
718 3251 808 3331 culps
837 3268 972 3311 summus
994 3249 1097 3311 Ponti-

174 3332 228 3394 iex
250 3332 352 3394 eidem
370 3335 537 3394 consensit.

257 3415 308 3476 Ex
334 3418 394 3477 ists
419 3424 524 3477 sutem
549 3418 735 3479 necessitate
768 3416 940 3496 Episcopus
969 3422 1095 3477 coactus

175 3507 224 3560 est
244 3518 316 3561 eum
337 3498 492 3560 hominem
515 3518 681 3579 quaerere,
703 3499 755 3579 qui
777 3498 974 3577 pecuniarum
996 3516 1094 3559 corra-

176 3582 347 3643 dendarum
369 3588 400 3643 et
420 3582 605 3663 populorum
618 3580 884 3660 deglubendorum
906 3600 961 3661 per
983 3582 1096 3642 multos

175 3684 275 3727 annos
297 3666 567 3725 exercitatissimus
588 3673 672 3724 esset
693 3662 812 3741 artifex,
838 3670 930 3741 atque
951 3663 990 3723 sd
1012 3662 1095 3723 aliud

175 3748 249 3809 nihii
272 3748 365 3813 utilis.
385 3747 443 3807 Hic
465 3747 598 3825 tandem,
620 3753 706 3805 utet
728 3746 877 3824 episcopo
899 3746 930 3803 in
952 3753 1026 3807 vota
1046 3764 1093 3805 re-

175 3828 360 3912 sponderet,
381 3850 438 3894 sua
458 3848 582 3909 quoquo
603 3827 724 3889 interim
745 3819 942 3907 nihilominus
965 3832 1093 3901 cureret.

817 3940 884 4045 29ss
