2600 4300
253 321 316 389 372
441 330 511 383 ocu
531 329 565 383 υ.
586 324 824 384 unanimum
843 327 989 399 Augustae

253 495 424 559 studiorum
444 498 580 578 parentis
607 504 639 559 et
669 495 858 575 abantiquo
882 516 1006 577 semper
1029 495 1167 559 Christia-

242 581 400 640 'nissimae
420 600 458 641 ao
478 582 510 641 in
523 581 686 661 theologia
705 578 940 641 florentissimae
957 580 1168 643 universitatis.

336 661 406 737 Quo
428 663 511 725 fusto
532 665 656 745 repetiit
677 663 915 743 disputationem
934 663 1111 725 hesternam
1134 662 1168 723 de

254 743 431 809 obiaotione
451 749 571 827 priore,
606 748 661 809 ilia
688 748 769 807 enim
798 746 926 809 multam
958 749 1095 827 speeiem
1116 766 1167 826 pro

161 873 167 879 -
254 848 312 890 sua
327 831 480 891 sententia
500 833 567 893 visa
587 839 637 892 ast
656 830 779 893 habers.
828 830 877 891 Me
899 849 974 891 vero
999 837 1123 893 moeste
1143 838 1170 891 st

253 912 341 974 iuxta
361 915 615 995 protestationem
636 915 668 975 in
692 915 811 993 seriptis
838 912 1030 993 respondere
1051 914 1168 995 promit

254 1002 348 1079 teuta,
369 1014 472 1057 rursus
493 998 568 1057 satis
590 996 775 1076 mutuebat,
798 996 922 1065 taudem
933 996 1072 1059 admissa
1085 998 1169 1077 sario

254 1078 301 1138 tili
320 1080 523 1159 responsione
557 1079 672 1141 abitum
699 1086 756 1141 est.
809 1080 912 1141 Tenor
944 1087 978 1141 at
1008 1086 1111 1141 textus
1130 1098 1170 1140 re·

255 1162 434 1242 sponsionis
455 1164 597 1225 ast'ista:
663 1182 665 1193 ¹
1102 1192 1105 1197 ·

490 1464 496 1470 ,
526 1354 895 1455 Reverendissimo

256 1510 431 1573 iu'Ohristo
453 1510 535 1571 Patri
556 1515 587 1570 et
606 1506 757 1586 Domino,
780 1508 913 1569 Domino
933 1510 1093 1590 Thomas,
1119 1511 1170 1571 Tit.

257 1594 287 1658 S.
312 1594 390 1656 sixti
416 1592 587 1671 Cardinali,
628 1600 755 1652 sanotae
790 1591 884 1651 sedis'
910 1593 1106 1673 apostolieae
1125 1594 1171 1654 Le

255 1684 329 1759 gato
350 1684 410 1739 ato.
431 1677 465 1739 F.
486 1677 634 1737 Martium
658 1674 857 1751 Lutheriusli
883 1676 1127 1757 Augustinianus
1144 1677 1169 1738 S.

339 1842 439 1919 Quam
486 1860 549 1903 non
587 1841 753 1902 detrectem
786 1840 975 1923 respondere
1015 1841 1170 1922 libensque

220 1932 224 1951 '
257 1926 349 1988 v'alim
369 1928 519 1986 rationem
545 1922 674 1987 reddare
706 1924 745 1985 da
772 1924 898 2005 singulis
924 1925 1172 2007 specialibusqua

259 2011 334 2071 meis
356 2009 454 2089 distis,
476 2007 729 2071 reverendissime
750 2008 780 2068 in
804 2008 924 2069 Christo
946 2008 1048 2088 Pater,
1071 2016 1106 2069 ut
1127 2008 1171 2070 ob·

257 2092 438 2157 iaetionibus
460 2092 662 2172 satisfaciam,
695 2108 771 2172 quas
803 2092 867 2153 heri
898 2099 929 2154 et
959 2092 1073 2155 nudius
1107 2093 1171 2153 mihi

260 2177 396 2240 obiectas
418 2177 551 2256 memini,
573 2177 633 2236 hao
654 2176 737 2237 votui
760 2176 890 2256 epistola
903 2177 1058 2238 humilitas
1081 2184 1172 2258 prote

257 2262 342 2323 atari
383 2260 462 2321 Nam
485 2259 546 2321 duo
568 2267 654 2338 suot,
687 2260 866 2340 quaemihi
892 2269 963 2320 suot
982 2261 1017 2324 P.
1036 2261 1074 2323 Τ.
1096 2259 1170 2339 R.²)

259 2344 389 2406 obieeta
422 2343 554 2404 Primum
576 2343 793 2423 Exttavagans
806 2343 859 2404 illa
872 2343 1008 2410 Gieman.
1023 2343 1076 2406 Vi.
1100 2361 1172 2423 quae

260 2428 379 2508 incipit:
402 2426 583 2506 Unigenitus
605 2435 674 2506 eto,
696 2428 726 2486 in
750 2445 811 2506 qus
834 2426 995 2487 thesaurus
1018 2427 1171 2507 indulgeu-

257 2512 368 2572 tiarum
389 2511 484 2570 asseri
505 2509 713 2570 videturesse
734 2511 842 2572 merita
864 2509 975 2570 Christi
998 2519 1030 2571 et
1050 2511 1170 2572 Senato-

258 2614 336 2672 rum,
359 2593 441 2673 quod
463 2611 522 2673 ego
544 2594 574 2652 io
596 2592 799 2673 positionibus
822 2595 898 2654 meis
920 2593 1029 2655 videor
1051 2611 1169 2674 negare.

336 2675 527 2756 Respondes
561 2677 681 2756 itaque:
723 2669 792 2738 Non
826 2677 989 2738 suitrmihi
1021 2679 1172 2758 incognita
1198 2673 1199 2705 i

260 2761 473 2840 Extravagaos
495 2759 561 2838 itta,
582 2777 651 2821 oum
673 2760 748 2822 istas
771 2759 985 2821 meditationes
1008 2779 1094 2826 meas
1116 2779 1170 2819 me-

260 2843 388 2915 ditabar,
410 2842 464 2902 sed
486 2861 555 2901 cam
576 2844 764 2904 acutissimus
786 2861 884 2904 essem
908 2863 1063 2924 unamque
1086 2845 1170 2904 totius

261 2927 411 2988 ecelesiae
432 2926 612 2986 sententiam
634 2945 703 2987 esse
726 2928 852 3005 scirem,
882 2928 990 2986 merita
1012 2927 1169 2988 christiin

260 3011 367 3091 spiritu
389 3028 450 3070 non
472 3027 567 3089 posse
581 3011 729 3070 sommitti
743 3009 927 3088 hominibus,
950 3029 1009 3070 neo
1031 3010 1108 3071 tradi
1124 3029 1170 3090 per

260 3094 400 3155 homines
422 3096 475 3152 aut
495 3090 534 3152 ab
549 3089 732 3170 hominibus,
754 3095 833 3153 siout
846 3099 947 3153 tamen
963 3093 1169 3174 Extravsgaos

260 3179 320 3238 iata
348 3173 459 3238 sonare
487 3174 663 3251 videbatur,
699 3175 781 3236 volui
817 3177 962 3237 intactam
996 3177 1168 3256 relinquere,

261 3260 389 3339 aliisque
409 3257 540 3338 ingeniis
562 3258 738 3319 melioribus
761 3261 949 3342 oommitters
962 3279 1092 3340 magnas
1109 3260 1168 3320 illas

262 3343 419 3403 molestias
440 3349 472 3401 at
488 3342 655 3421 angustias,
673 3361 749 3422 quas
768 3361 824 3422 pro
845 3343 960 3405 tuenda
980 3361 1168 3424 papaereve·

261 3427 361 3485 sentus
381 3422 528 3504 patiebar.
559 3433 563 3440 ’
921 3459 924 3466 .

344 3505 532 3567 Ouourrebat
553 3505 636 3566 enim
656 3515 687 3566 at
703 3507 848 3568 movebat
859 3510 967 3591 primo,
991 3509 1074 3589 quod
1095 3509 1168 3570 nuda
1195 3547 1196 3585 t

263 3588 366 3648 essent
379 3587 472 3648 verba
486 3587 650 3668 pontificis,
673 3595 704 3649 et
717 3590 863 3652 adversus
881 3595 1106 3654 contentiosum
1119 3593 1167 3653 .vei

472 3696 679 3722 -Α--φ--ι

335 3761 366 3823 1)
387 3763 707 3836 tned.orig.(W1tt.):
735 3765 842 3821 Imthar.
890 3767 924 3834 2)
946 3769 975 3822 In
994 3769 1038 3824 ed.
1054 3770 1129 3824 Jou:
1154 3785 1168 3821 a

244 3827 322 3910 ,ras
339 3835 389 3884 tua
406 3833 489 3888 Rava.
801 3845 807 3858 ⁸
1095 3875 1101 3886 .
