2600 4300
221 245 284 317 182
473 246 791 317 Modestum&
809 246 888 307 Μ’

218 416 391 499 putareris,
411 414 492 480 bano
510 432 644 495 suoque·
657 414 748 489 faede
767 413 915 491 admittit,
947 412 1013 477 ime
1034 432 1113 478 eum
1125 413 1158 477 iu

221 500 311 563 eoele
332 498 495 562 credamus
517 517 648 579 regnare
668 516 789 578 paoem,
812 496 959 577 gaudium
981 502 1015 560 et
1035 496 1158 558 seouri·

220 582 315 648 tutem
336 583 368 651 in
390 582 459 643 lues
479 581 556 661 Dei,
584 582 616 644 in
645 581 763 641 interno
796 599 869 644 vero
898 586 1009 647 eontra
1029 579 1157 640 saevire

220 665 479 747 desperationem,
502 662 659 741 dolorem,
681 670 711 723 et
731 662 906 726 horribilem
929 663 1036 741 iugem
1056 661 1091 721 in
1115 669 1156 724 te

220 747 322 808 nebris
346 745 558 807 exterioribus.

303 830 517 908 Purgatur-ium
545 845 619 887 sero
647 827 687 893 sit
714 826 846 889 medium
874 828 1154 905 immunemque,

221 913 270 975 sie
292 919 405 986 tamen,
427 920 460 974 ut
481 911 608 991 propius
629 909 669 971 sit
689 908 819 989 interno,
841 928 934 989 quam
948 909 1037 975 eaelo
1060 907 1155 991 (quia

221 1015 283 1058 non
304 993 419 1056 liabent
440 992 585 1073 gandium
608 999 639 1053 et
659 1010 783 1072 paoem,
812 994 875 1055 imo
898 993 971 1058 nihil
995 990 1044 1061 de.
1059 992 1152 1053 eoelo

221 1078 420 1159 participant.
449 1094 519 1138 eum
551 1083 686 1157 ponetur
712 1094 781 1137 esse
812 1075 920 1139 eadem
951 1094 1058 1157 poena
1082 1094 1152 1138 oum

220 1161 350 1236 inferno,
371 1159 440 1221 solo
462 1158 622 1220 duratione
644 1157 820 1235 differente]
844 1159 918 1231 satis
940 1165 1041 1239 patet,
1067 1156 1152 1237 quod

222 1251 254 1308 st
275 1244 306 1303 in
327 1243 396 1321 ipso
419 1242 458 1301 sit
480 1240 665 1321 desperatio,
689 1240 770 1320 luga,
790 1240 908 1317 horror,
931 1250 961 1303 et
984 1241 1088 1313 dolor.

171 1317 174 1327 ’
305 1324 368 1388 ssd
388 1323 491 1388 addidi
513 1341 610 1403 prope
640 1322 886 1403 desperationem
919 1324 1042 1400 dieens,
1079 1324 1152 1403 quia

223 1406 347 1480 tandem
368 1412 471 1470 cessat
491 1406 543 1467 illa
565 1404 748 1485 desperatio.
783 1406 926 1485 Alioquin
938 1426 1058 1485 revera,
1077 1408 1148 1471 dum

221 1491 320 1553 estin
342 1489 411 1566 illo,
446 1489 549 1550 anima
576 1506 638 1549 non
662 1489 768 1568 sentit,
793 1490 853 1553 nisi
888 1490 1148 1569 desperationem,

223 1592 285 1633 non
308 1572 391 1651 quod
414 1570 565 1651 desperet,
588 1570 643 1632 sed
665 1570 748 1649 quod
770 1572 800 1642 in
824 1580 908 1635 tanta
930 1580 977 1637 est
989 1572 1148 1652 pert-orba·

222 1656 317 1732 tinne,
338 1662 369 1715 et
390 1654 570 1715 confusione
590 1654 725 1733 pavoris,
747 1661 852 1715 utnon
870 1656 981 1719 sentiat
993 1675 1064 1715 sese
1081 1674 1148 1735 spe·

221 1757 299 1805 rere.
341 1736 433 1799 Solus
454 1736 582 1816 Spiritus
604 1735 730 1798 adiuvat
750 1736 792 1799 ibi
812 1756 903 1816 quom
919 1740 1054 1809 maxime
1068 1739 1147 1809 infir-

118 1817 123 1822 ’
222 1822 503 1897 mitatemeorum,
534 1818 697 1899 gemitibus
725 1818 978 1885 inenarrabilibus
1011 1840 1069 1901 pro
1103 1823 1145 1881 eis

220 1900 475 1983 interpellans*)‚

303 1985 355 2048 Sin
378 1985 458 2049 enim
481 1983 514 2051 tlt
535 1990 568 2045 et
587 1984 710 2055 tentatis
733 1984 763 2059 ip
786 1984 845 2047 bae
858 1986 931 2064 vite,
952 1988 1143 2065 utneseisnt,

221 2088 261 2130 sn
283 2074 408 2149 sperent
428 2066 476 2127 vel
499 2066 671 2145 desperent,
692 2068 755 2130 imo
777 2066 836 2133 eibi
856 2068 1022 2150 desperare
1043 2070 1142 2134 viden

221 2158 283 2228 tur,
315 2150 384 2214 solo
414 2150 577 2229 superstite
608 2151 724 2228 gemitu
753 2169 809 2230 pro
843 2153 967 2220 auxilio.
1012 2154 1061 2219 Ex,
1081 2173 1141 2232 que

222 2234 311 2313 signo
333 2253 395 2295 non
417 2234 495 2313 ipsi,
527 2231 582 2292 sed
610 2232 662 2292 alii
683 2233 856 2312 intelligunt
879 2253 934 2295 eos
954 2235 1057 2306 adhue
1077 2256 1140 2316 spe

219 2336 297 2381 rnre.
341 2315 403 2377 Sed
435 2316 542 2378 omitto
574 2315 734 2378 verbosius
757 2315 795 2377 de
817 2336 857 2380 ea
875 2337 908 2378 re
929 2317 1029 2397 loqui,
1063 2339 1140 2398 quse

221 2406 268 2458 est
289 2397 526 2472 abstrusissima,
548 2416 587 2457 ne
609 2403 640 2457 et
656 2398 729 2460 mibi
746 2398 893 2463 obiiciant
906 2401 1040 2466 veniales
1052 2421 1139 2481 quae

220 2489 330 2560 stores,
350 2480 436 2559 quod
456 2480 522 2541 sine
542 2479 856 2560 probationemque,
872 2501 1056 2562 quamquam
1070 2505 1137 2560 non,

221 2571 254 2627 ut
274 2563 327 2638 illi,
349 2581 471 2640 assero,
494 2581 574 2641 quae
594 2563 721 2642 ignore,
744 2565 799 2626 sed
822 2564 945 2644 disputo
967 2575 997 2630 et
1018 2586 1136 2646 quaero,

221 2653 254 2718 et
281 2664 388 2710 eorum
418 2651 647 2725 praesumptam
681 2645 890 2715 uertitudinem
915 2648 1046 2728 dubiam,
1079 2653 1134 2710 imo

219 2729 334 2795 nullom
356 2747 426 2793 esse
447 2727 612 2793 contendo.

454 2937 456 2941 '
497 2927 724 2988 (lonelusio
745 2927 862 2991 XVII.

303 3049 519 3113 Necessarium
551 3053 687 3131 videtur,
715 3055 875 3117 animabus
906 3058 936 3116 in
966 3064 1128 3140 purgatorio

221 3134 300 3194 sieut
322 3134 415 3192 minui
439 3135 607 3213 horrorem,
628 3138 672 3196 ita?
694 3147 725 3198 et
746 3140 849 3219 angeri
873 3142 1038 3203 caritatem.

303 3217 343 3276 Et
363 3216 441 3277 haee
463 3219 566 3278 nititur
586 3221 851 3298 praecedentibus]
864 3223 956 3282 tribus
975 3225 1127 3287 eonelusio-

219 3299 318 3362 nibus
373 3298 438 3374 Sed
467 3308 568 3366 tamen
598 3301 788 3371 declaremus
815 3325 899 3382 eam,
930 3315 960 3369 et
992 3326 1125 3386 ponamus

223 3383 320 3456 taient
340 3383 513 3464 eoepimus)
537 3384 937 3451 animarumdeeedentium
951 3391 1123 3470 triageoera

302 3463 436 3537 Primum
459 3486 576 3545 esrum,
600 3486 680 3548 quae
702 3477 773 3541 sunt
795 3469 854 3543 lide
877 3473 1001 3541 omnino
1023 3492 1123 3540 saeuae

224 3543 272 3617 (id
294 3553 341 3604 est
362 3544 556 3629 damnatae),
578 3549 633 3608 bas
655 3569 782 3612 neeesae
805 3562 850 3612 est
872 3555 901 3612 in
924 3562 1020 3615 morte
1038 3559 1121 3638 exeipi

280 3727 311 3790 ⁸)
331 3728 410 3782 Rom.
431 3731 457 3785 8.
498 3734 544 3798 “l
562 3733 635 3788 Psal.
656 3731 714 3790 140.
733 3735 774 3790 34·
