2600 4300
401 317 435 371 ds·
455 275 557 372 ditate
569 306 823 389 ιιιιέιιιςοιιιὶ“ιι·ιιιιι.Ι
1017 312 1083 383 227

161 501 323 564 poenemm
346 488 575 564 remissionem,
605 488 678 567 quis
699 492 785 548 tenet
803 487 958 567 remissio,
986 488 1079 549 etiam

161 567 183 625 si
202 564 281 626 lictis
295 569 494 648 concedatur,
517 588 586 629 cum
602 571 642 630 sit
653 571 683 629 in
698 586 783 630 mera
798 576 953 650 potestate
965 588 1077 650 papae.

233 648 281 711 Illi
304 672 390 729 vero,
410 660 445 713 ut
467 671 560 733 supra
580 671 704 733 quoque
725 652 840 713 dictum
862 658 924 731 est,
954 654 979 713 si
1001 652 1077 714 alise

157 750 269 812 poenae
316 754 407 815 quam
443 737 602 795 criminum
638 736 764 809 volunt,
782 736 915 815 remitti,
950 736 1077 817 scilicet,

156 816 447 901 quorumcuuqne¹)
485 819 660 879 mortalium
700 824 913 899 peccatorum,
955 819 1079 899 iaciunt,

155 896 222 958 dum
243 900 374 961 nimium
396 900 821 982 magnificantindulgentias,
842 908 878 963 ut
896 900 999 961 nullae
1018 902 1079 963 sint

154 980 377 1063 indulgentiae,
415 986 487 1065 quis
514 1002 572 1044 nec
599 984 811 1065 indulgentiae
840 982 964 1065 quidem
995 992 1077 1063 sunt,

152 1064 336 1126 siinccrtae
363 1074 443 1128 sunt.
493 1067 633 1127 Incertae
662 1086 736 1128 vero
757 1074 850 1147 ¹sunt,
884 1068 910 1127 si
942 1069 1080 1129 nituntur

152 1166 242 1228 super
264 1149 448 1210 absolvendi
470 1151 710 1225 conscientiam,
741 1168 802 1211 non
833 1168 926 1231 super
946 1150 1097 1212 clavium.

152 1236 349 1310 potestatem,
372 1234 507 1293 maxime
528 1252 612 1309 vero,
635 1234 660 1292 si
685 1240 716 1293 et
737 1252 830 1314 super
849 1234 985 1294 omnium
1007 1242 1080 1314 pec-'

151 1321 289 1375 catorum
321 1316 514 1395 mortalium,
550 1334 612 1375 non
644 1322 762 1377 tantum
791 1317 949 1376 criminum
984 1317 1077 1376 mani-

150 1390 301 1481 festorum
320 1400 506 1459 contritione
529 1400 673 1476 nituntur,
697 1418 765 1459 cum
788 1398 889 1459 nullus
911 1401 1077 1477 cenassit,

151 1481 273 1541 senine
305 1489 436 1561 peccato
465 1482 587 1551 mortali
614 1500 693 1542 esse.
739 1480 846 1543 Certus
877 1488 979 1542 autem
1008 1498 1077 1543 esse

150 1569 262 1642 potest,
285 1563 370 1643 quod
392 1566 458 1624 siue
480 1565 606 1625 crimine
628 1570 685 1643 est,
707 1564 740 1625 id
761 1574 824 1645 est,
847 1566 913 1625 sine
934 1572 1075 1647 peccato,

150 1644 272 1725 dequo
303 1662 408 1707 coram
441 1648 574 1708 ecclesia
602 1649 702 1728 possit
731 1649 886 1722 accusari,
913 1658 947 1708 ut
975 1668 1077 1729 supra.

150 1727 222 1789 ldeo
251 1728 337 1789 illam
369 1728 601 1792 conclusionem
634 1748 715 1811 nego
748 1747 818 1791 esse
851 1748 972 1807 veram,
1006 1750 1078 1795 mec

151 1829 241 1871 sensu
272 1812 414 1893 loquens.
457 1812 551 1875 Posui
573 1821 694 1893 entem,
728 1818 762 1873 nt
788 1812 929 1875 viderent
955 1814 999 1873 illi
1027 1813 1079 1876 sb·

153 1894 332 1955 surditatem
366 1912 441 1956 suae
476 1896 659 1975 iactantiae,
692 1912 753 1976 qua
785 1896 992 1979 indulgentiae
1026 1916 1077 1961 ex-

152 1977 290 2039 tendunt.
595 1992 602 2005 “
1148 1980 1151 1985 “

424 2104 802 2192 Conclusio,XXXl.

234 2223 334 2299 Quam
353 2242 438 2284 rarus
460 2231 508 2285 est
531 2243 603 2285 vere
624 2225 805 2308 poenitens,
835 2231 896 2286 tam
918 2240 1003 2286 rarus
1026 2233 1073 2286 est

155 2326 225 2367 vere
245 2306 453 2388 indulgentias
474 2307 639 2388 redimens,
662 2307 693 2368 id
714 2321 772 2387 est,
794 2309 976 2389 rarissimus,

232 2389 345 2450 lterum
368 2409 473 2450 eorum
498 2388 611 2470 loquor
631 2392 794 2470 sententia,
816 2400 850 2452 ut
863 2391 989 2454 videant
1001 2409 1076 2452 suae

154 2471 333 2532 licentiosae
353 2472 592 2553 praedicationis
613 2476 834 2554 temeritatem,
863 2475 925 2536 imo
956 2483 1076 2536 contra·

155 2553 335 2633 dictionem,
355 2557 407 2634 qui
430 2574 497 2615 cum
521 2564 581 2616 lam
604 2557 706 2617 multis
730 2575 783 2618 eas
805 2557 953 2638 prodesse
974 2555 1076 2642 clami,-
1106 2597 1112 2608 ·

154 2644 272 2716 tentet
287 2645 391 2698 tannen
413 2637 599 2702 confitentur
612 2657 730 2720 pancos
748 2658 827 2718 esse,
850 2643 901 2720 qni
914 2648 1075 2722 angustam

155 2723 231 2781 viam
245 2719 413 2801 ambulent,
436 2721 572 2782 nondum
586 2722 780 2801 erubescunt,
800 2741 901 2804 neque
914 2723 1077 2784 attendunt

156 2803 223 2883 quid
243 2804 418 2884 loquantur.
462 2804 523 2866 Sed
545 2823 604 2866 nec
624 2807 750 2884 mirum,
780 2823 843 2867 non
871 2807 953 2867 enim
974 2823 1076 2867 susce·

156 2895 260 2966 peruot
289 2885 425 2947 odicium
455 2889 649 2948 contritionis
683 2895 714 2949 et
746 2895 896 2972 angustae
923 2891 992 2952 vias
1022 2887 1075 2952 do·

156 2969 277 3032 cendae.
306 2969 408 3030 licum
429 2969 534 3050 itaque
552 2990 676 3032 sensum
692 2971 771 3052 dico,
792 2971 876 3052 quod
901 2973 958 3034 etsi
981 2974 1072 3054 pauci

157 3053 211 3113 sint
231 3054 366 3130 contriti,
388 3053 485 3131 multi,
506 3055 569 3114 imo
592 3073 700 3116 omnes
721 3056 753 3116 in
775 3062 842 3117 tota
855 3053 1071 3137 ecclesiapos-

157 3143 221 3196 sunt
240 3153 312 3196 esse
333 3133 421 3196 liberi
441 3155 462 3196 a
482 3137 591 3216 poeuis
613 3154 783 3218 canonum,
807 3155 864 3220 per
885 3137 1072 3201 ablationem

158 3236 313 3298 munuum,
336 3220 415 3280 sicut
435 3226 467 3279 et
488 3237 562 3281 vere
583 3234 666 3281 nunc
687 3229 767 3284 sunt.
1073 3244 1077 3258 ¹

419 3353 637 3419 Conclusio
659 3355 809 3422 XXXII.

232 3469 466 3533 Damnabuntnr
490 3473 522 3533 in
544 3481 702 3535 aeternnm
731 3494 799 3537 cum
829 3476 891 3536 suis
912 3475 1074 3556 magistris,

159 3555 203 3632 qni
221 3571 279 3699 px
296 3553 409 3698 slim
438 3557 595 3618 veniarum
623 3577 750 3621 securos
785 3575 854 3620 sese
881 3555 1008 3639 credunt
1036 3556 1075 3619 de

159 3655 242 3698 suas
275 3657 295 3698 u
330 3683 337 3698 .

222 3807 254 3878 l)
275 3807 307 3860 ln
325 3806 369 3862 ed.
387 3811 492 3877 princ:
512 3824 751 3908 qnprnmcunqus.

793 3915 832 3976 lo
844 3911 862 3948 ⁶
