2600 4300
360 314 492 367 llarhnns
510 314 644 369 Lutherua
663 315 713 368 Plo
731 314 847 369 Lectori
998 312 1059 377 117

147 483 273 563 optimas
295 483 505 563 Magdalenas,
527 481 558 541 id
581 489 637 562 est,
660 484 778 543 animas
801 482 1005 559 credentium,
1029 490 1059 543 et

147 566 311 645 principum
329 565 569 626 Christianorum
591 566 745 645 profusos,
768 586 823 646 pro
844 565 985 626 fovendis
1008 566 1060 625 mi-

146 649 240 707 nistris
262 648 428 727 ecclesiae,
451 657 482 708 et
502 648 620 708 alendis
643 648 787 709 memhris
811 648 923 709 Christi
946 650 975 709 iu
998 649 1057 709 hac

145 733 218 790 vitae
240 732 375 807 miseria,
397 739 503 811 captus
524 733 719 791 insanissimo
743 731 862 791 furandi
876 740 906 791 et
917 732 1055 811 rapiendi

144 815 237 873 lurore
260 815 363 893 coepit
385 816 503 894 etipse
525 815 668 894 clamare,
692 835 747 895 per
762 834 869 875 omues
887 814 1056 875 decretales

145 908 172 957 et
191 897 305 975 scripta
327 916 450 957 suorum
472 896 681 975 adulatorum,
705 918 773 959 sese
796 917 899 957 auram
923 899 1058 958 omnium

144 979 336 1039 ecclesiarum
375 988 532 1059 spectare,
567 988 598 1040 et
633 999 708 1042 oves
741 981 851 1042 Christi
886 981 1057 1060 pascendas

144 1062 194 1122 sibi
215 1062 449 1122 commendatas
472 1082 558 1137 esse,
580 1065 684 1143 speeie
707 1083 769 1124 non
792 1063 885 1125 modo
907 1063 1057 1123 Ischario-

144 1148 211 1219 tica,
235 1144 291 1205 sed
314 1146 383 1225 plus
406 1165 495 1224 quam
519 1146 676 1227 angelica,
700 1167 755 1225 per
783 1146 843 1207 hoc
865 1146 1058 1207 mendacium

144 1228 228 1305 totius
250 1228 403 1287 ecclesiae
426 1248 501 1307 opes
523 1229 613 1289 furari
642 1238 673 1289 et
701 1228 739 1288 ad
774 1248 842 1289 sese
872 1249 980 1309 rapere
1008 1250 1057 1289 co-

143 1318 241 1388 natus,
277 1330 346 1371 cum
375 1312 490 1371 nullum
520 1314 560 1372 sit
591 1319 663 1391 post
691 1313 784 1391 ipsius
814 1318 940 1372 satanae
963 1314 1056 1393 patris

143 1393 367 1453 mendaciorum
407 1394 568 1463 mendacia
605 1396 812 1473 impudentius
846 1401 877 1453 et
910 1397 1056 1475 impurius

145 1476 330 1537 mendacium
354 1477 410 1535 sub
433 1478 500 1538 sole
516 1477 686 1556 proditum,
709 1498 799 1556 quam
813 1476 894 1557 quod
913 1497 1056 1540 romanus

143 1561 301 1639 episcopus
324 1561 363 1619 sit
382 1568 489 1639 pastor
510 1561 604 1620 totius
626 1561 786 1621 ecclesiae.

216 1642 259 1701 m
280 1642 336 1701 fuit
350 1642 444 1703 iudae
458 1643 649 1703 mendacium
663 1642 813 1723 apostolis
831 1644 897 1703 siue
909 1644 1056 1723 pericula,

143 1745 205 1784 cum
226 1726 331 1807 ignari
361 1725 523 1785 crederent
550 1726 709 1787 fallacibus
739 1726 839 1786 verbis
869 1746 935 1805 pro,
953 1726 1055 1788 officio

143 1808 270 1869 mrimtis
306 1815 403 1887 (quae
439 1810 543 1869 omnia
570 1809 683 1881 credit)
723 1828 780 1869 uec
808 1810 838 1869 in
868 1810 932 1869 eius
962 1810 1056 1871 verba

143 1891 265 1951 fidentes
290 1893 367 1951 mori
390 1891 570 1952 voluissent.
599 1890 641 1951 At
661 1899 767 1951 noster
788 1910 933 1951 romanus
955 1892 1054 1953 Ischa-
1150 1942 1153 1951 ,

143 1974 213 2033 rioth
241 1975 288 2033 sic
315 1973 478 2034 adornavit
505 1974 595 2035 uobis
617 1974 798 2035 Christianis
821 1993 907 2035 suum
933 1974 1055 2036 menda-

144 2059 231 2130 cium,
260 2063 311 2132 ut,
342 2058 399 2115 nisi
428 2076 483 2135 pro
506 2057 636 2117 articulo
659 2056 730 2116 fidei
749 2057 962 2134 adoraremus,
991 2078 1054 2118 non

144 2139 228 2200 modo
252 2140 423 2219 periculum
446 2140 553 2200 salutis
572 2141 754 2213 immineret,
778 2140 831 2200 sed
856 2147 947 2219 certa,
969 2161 1055 2222 prae·

143 2243 205 2284 sens
237 2233 270 2282 et
299 2223 380 2283 latae
411 2225 583 2284 sententiae
610 2224 770 2284 damnatio
793 2243 850 2284 nos
879 2223 1054 2284 iamdudum

143 2313 206 2366 ante
227 2305 335 2366 secula
356 2306 517 2368 hausisset.
560 2307 602 2366 Et
622 2305 797 2368 delectabat
819 2326 887 2366 eum
911 2307 970 2366 ista
992 2326 1053 2368 cre

143 2388 206 2448 dala
226 2395 258 2447 et
281 2388 376 2448 stulta
396 2389 576 2468 simplicitas
598 2389 747 2464 fidelium,
776 2390 806 2448 in
831 2408 891 2467 qua
911 2409 966 2468 pro
988 2389 1054 2466 libi·

144 2472 205 2531 diue
226 2490 286 2530 sua
306 2471 428 2550 ludere,
456 2490 535 2550 quae
567 2472 676 2549 vellet,
706 2472 776 2532 stilo
805 2471 912 2532 liceret
938 2472 1053 2550 curiali,

144 2574 204 2613 nam
228 2555 274 2629 (si
296 2555 403 2628 voles]
433 2555 577 2614 historias
600 2574 742 2634 percurre
771 2562 802 2614 et
835 2555 980 2630 observa,
1015 2575 1053 2614 ao

144 2657 266 2716 uuquam
291 2656 309 2696 e
330 2637 434 2718 Papae
455 2639 538 2698 curia
566 2637 716 2717 prodierit
743 2657 803 2696 una
832 2638 959 2718 pagina,
990 2639 1052 2700 imo

144 2719 196 2779 duo
218 2738 327 2779 versus
347 2719 507 2780 doctrinae
529 2720 739 2797 Christianae,
763 2720 817 2780 vel
834 2719 942 2780 saltem
966 2720 1053 2782 deca-

144 2802 213 2880 logi,
246 2821 316 2862 cum
346 2809 451 2864 tamen
479 2804 599 2862 interim
621 2803 818 2864 decretalium
853 2809 883 2863 et
905 2803 1053 2864 bullarum

145 2884 178 2943 de
198 2883 393 2964 praebendis,
417 2885 527 2965 palliis,
549 2885 747 2966 dignitatibus
770 2894 801 2946 et
821 2887 888 2946 aliis
906 2887 1055 2966 profanis-

145 2969 219 3027 simis
242 2968 343 3047 nugis,
365 2969 433 3028 sine
447 2969 683 3047 intermissione,
705 2969 772 3030 sine
787 2967 858 3046 fine,
881 2970 947 3028 sine
960 2970 1053 3030 modo

146 3058 335 3130 tempestates
350 3057 382 3111 et
394 3053 491 3112 maria
503 3051 686 3114 exundarint
698 3053 727 3112 in
746 3071 867 3112 omnem
883 3053 1054 3112 ecclesiam.

177 3159 184 3164 ·
217 3133 305 3208 Quae
327 3135 431 3194 omnia
453 3131 520 3194 curn
545 3141 592 3195 tot
613 3136 725 3195 seculis
747 3135 922 3210 videamus,
950 3135 1051 3215 palpe-

148 3236 221 3295 mus,
249 3219 435 3294 sentiamus,
467 3219 657 3298 experientia
686 3219 754 3298 ipsa
775 3219 818 3277 ita
840 3237 908 3278 sese
931 3217 1053 3294 habere,

148 3300 333 3375 nihilominus
356 3321 392 3361 os
414 3301 494 3360 istud
522 3300 631 3362 durum
660 3309 691 3362 et
717 3301 878 3381 impudens
905 3319 1052 3360 romanae

147 3380 225 3461 lupae
247 3383 342 3444 audet
355 3383 491 3462 gloriari,
513 3403 582 3444 sese
599 3384 680 3444 velle
696 3403 825 3464 pascere
841 3402 916 3443 oves
929 3380 1052 3460 Christi,

148 3470 173 3522 et
191 3484 295 3524 omnes
318 3465 476 3537 ecclesias,
499 3467 636 3526 satanica
658 3473 690 3526 et
710 3467 809 3528 furiali
832 3466 968 3544 nequitia
987 3485 1051 3526 ver-

148 3544 208 3605 bnm
228 3546 376 3627 pascendi
398 3546 457 3606 huc
479 3547 675 3626 detorquens,
696 3557 729 3612 ut
751 3547 902 3630 significet
916 3549 955 3623 ei,
979 3555 1052 3610 tem·

149 3630 280 3704 poraliter
302 3637 334 3689 et
355 3630 556 3710 corporaliter
576 3631 607 3689 in
630 3632 721 3693 rebus
742 3631 896 3708 fidelium,
925 3631 962 3692 ad
986 3651 1052 3712 per-

130 3709 281 3796 ditionem
322 3713 491 3772 aaimarum
526 3713 620 3775 licere
653 3715 846 3796 tyrannisare
880 3720 910 3774 et
943 3715 1051 3778 furere.

150 3792 323 3868 quasivero
345 3796 466 3856 animae
488 3795 623 3856 fidelium
645 3797 737 3857 valde
763 3795 844 3858 bene
876 3805 1051 3876 pascantur,
