2600 4300
236 287 294 353 120
441 288 574 343 llartinus
593 288 728 343 botherus
747 289 795 345 Pio
815 288 923 345 maron

231 502 239 509 .
315 456 428 518 Exstat
447 456 582 537 epistola
602 456 759 517 cuiusdam
773 456 847 518 boni
860 457 916 517 viri
928 453 1036 519 Iacchi
1047 456 1149 538 Meyer

230 540 413 601 Cancellarii
434 539 606 619 Moguutini
635 538 675 599 ad
699 538 893 599 Cardinalem
916 539 1057 599 Aeneam
1087 540 1148 619 Syl·

230 624 311 683 vium
334 622 578 701 expostulatoria
608 621 646 684 de
675 621 836 701 tyrannide
859 618 961 702 Papae
994 629 1025 681 et
1052 626 1150 683 curiae

231 724 315 784 snae,
337 704 392 765 sed
405 704 528 765 Aeneas
549 703 683 784 Sylvius,
705 704 799 765 homo
822 723 884 765 non
908 712 1025 767 tantum
1049 704 1150 781 Italus,

231 788 286 849 sed
320 787 492 849 cardinalis
524 805 647 867 quoque
680 788 804 867 gemina
835 788 994 867 superbia,
1026 794 1151 865 utraque

230 873 391 949 immensa,
414 870 532 930 scilicet
552 870 661 931 Italica
682 877 713 929 et
730 868 940 950 Cardinalitis,
963 872 1007 931 ita
1029 888 1151 949 respon-

231 953 283 1015 det
304 954 449 1014 atrociter
470 954 581 1027 amico,
602 959 636 1013 ut
656 954 703 1013 ina
726 970 795 1013 esse
817 954 1000 1031 contendat,
1025 972 1089 1014 non
1111 960 1152 1032 ty-

231 1035 411 1113 rannidem,
443 1034 587 1115 quicquid
617 1036 700 1115 Papa
732 1036 764 1095 in
801 1035 974 1095 Germanos
1011 1037 1152 1114 saeviret,

233 1138 326 1179 ausus
349 1118 411 1179 hoc
426 1137 574 1193 asserere,
596 1118 795 1179 Germaniam
809 1118 869 1179 hoo
881 1118 993 1179 debere
1007 1138 1152 1178 romanae

232 1201 314 1279 sedi,
341 1200 425 1279 quod
445 1201 606 1281 imperium
629 1220 790 1262 romanum
812 1201 954 1278 haberet,
984 1200 1072 1281 quod
1094 1208 1152 1261 tam

233 1284 316 1345 culta
336 1284 420 1343 facta
439 1290 523 1344 esset
544 1304 583 1343 ex
604 1283 730 1345 horrida
752 1290 783 1343 et
803 1283 933 1345 barbara
955 1292 1049 1363 terra,
1073 1284 1151 1362 quod

233 1374 295 1427 tam
312 1366 381 1447 lata
401 1373 433 1426 et
454 1366 558 1446 ampla
578 1386 661 1427 nunc
682 1366 814 1445 floreret,
836 1367 919 1446 prius
942 1368 1085 1448 angustis
1101 1374 1152 1426 ter-

235 1450 324 1509 minis
345 1449 475 1523 inclusa,
496 1449 639 1528 breviter,
662 1448 859 1511 Germaniam
880 1461 963 1529 pene¹
984 1456 1152 1509 creaturam

233 1532 336 1612 Papae
357 1532 445 1611 facit,
468 1531 539 1593 ideo
563 1531 677 1593 debera
699 1533 866 1612 patientem
890 1540 921 1591 et
942 1539 1066 1613 gratam
1090 1552 1153 1593 esse

234 1614 398 1694 expilatori
419 1634 559 1677 romano.
865 1677 869 1693 ,

316 1694 451 1757 Credidit
472 1697 566 1757 homo
589 1696 686 1757 Italici
708 1696 862 1778 supercilii
884 1697 1042 1775 athetus,
1065 1698 1153 1757 histo·

234 1780 294 1839 rias
316 1798 334 1839 a
356 1779 518 1840 Germanis
540 1799 641 1859 neque
663 1780 723 1861 legi
745 1799 845 1859 neque
868 1781 975 1859 teneri,
999 1800 1071 1840 eum
1086 1782 1153 1839 satis

235 1868 358 1924 constet
379 1882 419 1921 ex
441 1861 583 1925 omnibus
605 1863 751 1942 historiis,
774 1863 916 1923 Carolum
931 1864 1078 1945 Magnum
1095 1883 1150 1923 non

236 1943 335 2007 solum
358 1944 433 2006 nihil
445 1946 604 2025 accepisse
617 1966 637 2005 a
648 1965 778 2006 romano
794 1946 951 2026 episcopo,
963 1946 1032 2025 ,ssd
1051 1953 1153 2007 contra

234 2027 330 2089 multa
351 2027 394 2087 illi
417 2028 560 2106 dedisse,
587 2034 622 2089 ut
648 2030 750 2108 potius
773 2048 847 2089 rom.
873 2029 1039 2108 episcopus
1061 2030 1150 2108 ipsam

234 2130 321 2172 suam
351 2110 456 2172 sedem
479 2111 592 2172 Oarolo
621 2111 738 2172 salvam
769 2110 916 2186 debebat,
947 2121 980 2172 ut
1009 2132 1102 2192 qnam
1127 2112 1152 2170 ei

234 2194 366 2254 restituit
400 2194 558 2256 defensam
595 2202 704 2256 contra
735 2215 839 2290 regem
869 2195 1149 2276 Longobardorum.

233 2277 313 2336 Nam
326 2275 456 2338 Carolus
477 2279 537 2338 iam
563 2285 625 2337 tum
644 2277 770 2338 tenebat
784 2277 990 2354 Germaniam,
1013 2277 1150 2350 Galliam,

234 2359 472 2437 Lombardiam,o
496 2366 569 2421 ante
600 2362 833 2422 emanationem
862 2361 1023 2440 papalem,
1058 2379 1151 2439 neque

234 2442 334 2502 voluit
360 2462 379 2502 a
401 2443 485 2522 Papa
506 2444 598 2503 etiam
627 2444 726 2523 ipsum
755 2442 874 2502 titulum
905 2445 1025 2523 imperii
1055 2443 1149 2504 datum

236 2525 393 2603 accipere,
429 2525 484 2586 sed
518 2525 557 2586 ab
587 2527 774 2605 imperatore
802 2525 1150 2605 Constantinopolitano,

236 2612 270 2666 ut
292 2625 417 2686 prorsus
441 2606 516 2668 nihil
538 2607 680 2669 Pontifici
703 2607 844 2686 deberet,
872 2608 927 2668 sed
951 2618 1060 2669 contra
1081 2609 1148 2668 Pon·

237 2689 313 2748 tifex
334 2689 379 2750 illi
401 2690 528 2751 deberet
549 2691 662 2754 omnia.

320 2771 381 2832 Sed
402 2773 461 2832 hae
482 2773 629 2834 historiae
661 2775 789 2836 veritate
820 2771 894 2832 nihil
923 2775 1070 2834 commoti
1098 2773 1149 2834 llo·

237 2874 400 2916 manenses
429 2859 549 2936 tyranni
578 2864 727 2938 perpetua
755 2857 874 2916 insania
904 2875 973 2916 sese
998 2857 1147 2936 largitores

236 2939 355 3016 imperii
382 2938 608 3017 clamaverunt,
635 2945 684 3015 ut,
718 2940 743 2998 si
777 2958 836 3018 qua
873 2939 936 3000 fata
964 2940 1098 2999 sinerent
1124 2946 1150 2996 st

238 3031 377 3100 tempora
389 3021 603 3095 concederent,
625 3023 685 3101 ipsi
703 3021 760 3082 sibi
783 3020 905 3081 tandem
930 3023 1073 3101 imposito
1095 3020 1146 3080 dis·

237 3102 380 3179 demate,
405 3103 528 3183 regibus
551 3104 693 3164 omnibus
721 3104 897 3173 exstinctis,
929 3105 1062 3183 priscum
1083 3101 1147 3162 illud

238 3205 399 3246 romanum
421 3187 581 3266 imperium
611 3193 845 3266 recuperarent,
877 3188 972 3246 etita
993 3187 1092 3246 alieno
1113 3186 1146 3244 la·

237 3269 314 3330 bore
336 3275 454 3348 partam
478 3269 608 3349 gloriam
641 3271 672 3330 in
702 3289 772 3330 sese
798 3269 1010 3348 transferrent,
1041 3278 1071 3330 et
1099 3286 1146 3348 pro

240 3352 327 3413 titulo
350 3350 423 3435 dato
445 3371 510 3410 rem
532 3353 630 3432 ipsam
654 3353 855 3432 acquirerent.
899 3351 1028 3412 Tantum
1051 3357 1146 3431 putant

212 3484 218 3494 .
239 3453 308 3494 sese
329 3433 445 3494 habere
466 3435 538 3494 salis
562 3435 733 3496 nebulones
756 3433 875 3514 perditi.

323 3515 371 3574 nx
391 3517 518 3578 istorum
541 3537 669 3578 numero
691 3517 788 3578 offero
813 3516 865 3578 tibi
891 3516 1052 3597 tegendum
1085 3514 1146 3596 (op
1180 3516 1186 3525 '

242 3599 316 3656 tima
336 3597 453 3674 lector)
478 3599 636 3659 ridendum
660 3602 750 3660 etiam
774 3599 855 3658 huno
869 3599 1049 3679 prophetam
1062 3599 1143 3657 Vitar-

199 3717 202 3720 -
242 3677 395 3752 biensem,
427 3689 459 3739 ut
480 3681 604 3759 videas,
633 3681 705 3760 quid
728 3680 932 3761 spectarintl.
950 3681 1021 3760 quid
1045 3681 1143 3740 hinnie-

244 3757 324 3814 rint?
353 3759 425 3833 quid
455 3761 608 3822 hiaverint
635 3782 758 3842 semper
779 3782 927 3825 romanas
951 3764 1054 3826 lernae
1073 3781 1145 3822 mon·
