2600 4300
240 326 303 397 sao
383 256 929 405 'unumunurn-ru·

241 508 381 566 monstra
400 504 427 565 ai
446 501 582 580 mariana
594 503 716 582 tuerint,
739 504 888 585 seriptum
908 504 1008 585 periit,
1030 522 1154 587 requen-

240 594 289 649 ter
307 594 340 649 et
358 587 507 664 eooleaia,
535 594 567 649 et
585 587 660 647 nihil
681 588 831 667 reliquum
853 588 923 666 erit,
950 589 1011 648 niai
1031 588 1153 649 verbum

240 671 375 732 hominia
395 672 426 730 in
449 670 593 748 eooleaia,
613 670 669 731 aed
693 676 844 749 quaerunt
863 671 895 730 hi
917 670 1093 733 adulatores
1113 672 1155 731 in·

240 753 367 831 vidium,
387 752 499 814 deinde
520 753 638 813 ruinam
656 760 686 813 et
700 754 866 834 perniciem
880 754 1046 816 Romanae
1062 754 1156 815 eoole·

239 854 316 900 aiae.
615 873 622 885 ,

323 919 427 995 Quare
447 938 507 1001 ego
529 936 634 980 eoram
656 925 703 997 te,
726 919 839 996 leotor,
860 926 1017 999 protestor
1037 938 1089 981 me
1110 938 1157 982 oo·

241 1004 306 1065 lere
326 1010 360 1064 et
379 1003 465 1081 aequi
487 1002 659 1064 Romanam
682 1002 844 1063 ecelesiam
867 1004 898 1063 in
920 1003 1080 1081 omnibus,
1112 1022 1158 1065 ao

240 1087 304 1147 lum
333 1084 394 1147 iilis
422 1084 549 1159 reaiato,
585 1087 638 1165 qui
668 1086 794 1147 nomine
821 1086 973 1146 eooleaiae
1000 1086 1159 1147 Romanae

241 1168 445 1251 Babyloniam
466 1168 555 1229 nobia
577 1172 711 1229 statuere
723 1166 897 1247 moliuntur,
920 1167 1063 1231 volentos
1074 1168 1159 1249 quid-

243 1252 316 1332 quid
338 1252 476 1348 oogitpre
493 1252 654 1331 poterint,
687 1251 779 1313 modo
802 1251 939 1331 linguam
962 1245 1079 1313 unum
1098 1272 1159 1313 mo·

243 1335 482 1479 ttmlltlt
505 1339 562 1497 ,ll
583 1296 1160 1480 iissttlttttllttttlt

243 1501 509 1666 &diffiniti
527 1501 1161 1662 tillstlitlltttttlff‘ttt

243 1683 333 1746 quam
362 1667 429 1726 aine
450 1662 544 1726 dubio
566 1665 709 1727 Romana
728 1666 860 1727 eoelesia
896 1684 1052 1746 nonquam
1083 1669 1162 1749 sapit

245 1756 299 1810 aut
318 1750 432 1812 statuit.

325 1832 373 1892 De
384 1850 512 1910 quorum
525 1850 653 1893 numero
667 1850 736 1891 esse
752 1830 845 1893 oredo
866 1831 1067 1893 suavissimos
1086 1834 1160 1894 istos

244 1914 467 1996 flyoophantaa,
489 1916 540 1995 qui
561 1913 717 1981 diotarunt
738 1914 893 1995 quoddam
903 1915 1002 1975 Breve
1026 1914 1064 1997 *)
1092 1935 1161 1996 apo·

244 1998 385 2058 atolioum
408 2004 517 2057 eontra
537 2016 596 2077 me,
620 1998 707 2057 ouius
724 1998 863 2075 sormam,
885 1996 1047 2078 utvidees,
1073 2016 1161 2079 qnam

244 2079 442 2162 prudentibus
463 2079 580 2140 ioaidiia
602 2082 664 2141 nint
681 2081 738 2158 usi,
761 2080 878 2141 voloin
899 2079 1056 2162 publioum
1078 2081 1162 2158 dare,
1199 2042 1200 2116 l

244 2183 316 2225 nam
337 2163 546 2224 inilormaoia
565 2164 660 2224 fuiaae
679 2163 855 2242 oonfiotum,
877 2171 909 2225 et
925 2164 1028 2244 aliqua
1042 2165 1161 2244 ,deinde

244 2246 394 2308 industrie
418 2245 457 2306 ad
484 2247 614 2307 Remum
646 2248 788 2323 miomm,
821 2255 853 2308 et
880 2249 961 2308 forte
994 2247 1065 2308 aol'o
1089 2253 1161 2308 noto

244 2330 372 2391 aliooirm
394 2331 545 2410 magnatio
565 2330 684 2391 Romae
710 2331 869 2390 remissum
892 2327 930 2390 ad
954 2329 1160 2408 Germaniam,

245 2414 346 2474 atatim
369 2411 474 2473 addita
494 2412 638 2491 Postilla,
667 2419 701 2473 te
727 2413 777 2473 vel
800 2420 913 2473 oenum
943 2413 993 2473 vel
1015 2415 1199 2502 auspicio-

245 2515 312 2557 aom
334 2495 442 2555 aaltem
463 2495 595 2575 saoiam,
616 2496 751 2576 pertinet
771 2497 851 2556 enim
874 2501 906 2557 et
925 2495 986 2556 hoo
1007 2495 1046 2556 ad
1069 2497 1160 2557 Aeto·
1198 2485 1199 2549 l

244 2597 310 2638 rum
331 2595 467 2639 meorum
488 2585 616 2658 partem.

632 2725 773 2791 FINIS.

298 2978 328 3043 ‘i
350 2980 410 3034 Hae
428 2981 525 3043 Breve,
543 2979 619 3048 quod
637 2979 746 3048 incipit:
765 2977 873 3036 Dileoto
898 2984 994 3034 noatro
1014 2979 1073 3034 iilio
1091 2979 1157 3034 Tho·

243 3068 306 3108 mae
324 3080 357 3090 -
376 3051 430 3106 Lao
449 3053 525 3119 Papa
533 3051 567 3116 X,
585 3050 648 3104 vide
669 3050 1156 3120 suprrp.354aqq.1neouecu0ne

242 3122 388 3183 Betiliensi
401 3139 425 3176 a
437 3123 505 3180 1520
514 3122 559 3176 hic
567 3121 677 3176 demum
695 3124 869 3178 intersertum
880 3129 922 3176 eat
932 3123 1020 3178 Breve
1028 3122 1126 3177 Leonis
1136 3123 1155 3174 X

236 3193 374 3248 'Caietano
394 3194 508 3247 missum
529 3193 690 3259 etPoatilla,
710 3208 792 3262 quem
812 3193 835 3246 ei
855 3193 1155 3261 subiunxitLutheruo,

242 3272 268 3320 et
285 3267 313 3320 in
335 3263 378 3319 ed.
397 3267 467 3334 orig.
486 3263 634 3330 Wltteob„
663 3267 747 3334 quain
766 3279 849 3387 snpra
866 3263 1054 3332 laudavimus
1074 3265 1153 3318 Breve

242 3342 271 3391 ot
289 3325 403 3390 Poetilio
430 3335 555 3390 ultimam
583 3336 705 3389 effleiunt
729 3335 816 3390 libell
841 3335 876 3389 de
890 3334 968 3390 Aetia
988 3336 1153 3406 Augustanis

242 3414 360 3476 partem
378 3423 464 3476 quum
484 3407 555 3460 duae
573 3421 591 3458 a
612 3407 730 3460 luthero
750 3406 882 3462 Caietano
902 3409 1016 3462 mione
1025 3409 1152 3478 epistolae

237 3477 280 3536 ibi
296 3494 354 3532 non
372 3479 509 3547 legantur
