2600 4300
393 349 493 433 ‚pun
512 349 690 430 etruriae.
711 350 778 406 su.
993 349 1061 414 ttu-

134 540 198 580 runr
224 520 365 596 (adluat
383 500 564 602 neliorern)
588 519 725 600 negabis.
756 520 826 601 Ego
846 529 948 584 autem
972 523 1056 614 nolo³

134 601 354 664 sedeufficare
376 609 450 683 puto
477 602 572 665 verba
594 603 728 664 hominis
761 608 949 665 metanturn
972 620 1066 668 reve-J

134 686 254 746 rantiae
272 685 402 766 gradum
424 684 563 765 dedisse,
601 691 635 746 ut
665 705 768 746 verum
797 705 866 748 ease
897 686 1065 751 confiteare

134 767 215 828 Nolo
239 767 365 830 verbum
385 769 454 846 Dei,
476 769 527 848 qui
550 769 671 830 mentiri
697 775 747 840 (ut
765 769 834 838 ilie)
859 791 921 830 non
943 773 1064 850 poteet‚·

134 855 263 930 propter
282 851 365 913 iliius
386 849 513 912 verbum
535 871 661 932 negare.
694 851 763 912 Non
792 853 885 931 igitur
906 853 1057 916 relatione

134 933 294 1014 indignum
317 941 366 994 eet
386 931 464 1016 (nisi
485 933 557 994 dunt
578 935 667 995 alteri
692 933 768 994 velis
792 943 920 995 mortem
943 943 974 996 et
990 950 1057 1016 per.-

135 1015 284 1077 ditionem
306 1016 407 1077 moliri
428 1018 495 1078 siue
517 1022 628 1095 causa)
655 1015 776 1094 dicere,
795 1017 877 1096 quod
899 1018 984 1099 Papo
1005 1029 1059 1080 eut

135 1100 232 1160 nancti
264 1099 373 1162 Patren
400 1100 565 1179 aliquoties
595 1100 740 1160 torserint
769 1099 940 1180 Scripturas
974 1108 1005 1162 et
1026 1104 1056 1162 io

135 1182 270 1242 alienum
299 1199 423 1244 aeneam
438 1182 534 1244 'abusi
555 1183 636 1260 sint,
668 1191 738 1259 aut,
761 1183 787 1242 si
808 1181 838 1242 id
862 1186 1059 1263 pertinaciter

135 1268 277 1344 negatur,
299 1266 362 1325 iarn
383 1271 414 1326 et
425 1265 540 1345 Papam
563 1267 733 1326 cunctus
756 1265 929 1327 haereticos
953 1276 985 1327 et
1005 1269 1058 1327 irrr-

135 1349 201 1426 pios
222 1346 393 1424 faciemus,
415 1355 448 1408 ut
468 1367 546 1429 quoa
569 1349 762 1408 manifestum
787 1356 834 1408 est
854 1348 948 1409 alium
970 1349 1058 1428 sequi
1173 1394 1175 1399 -

130 1430 282 1507 ‘aeneum
309 1431 464 1510 quamsit
492 1432 523 1490 in
547 1430 717 1511 Scriptura,
745 1437 777 1490 et
803 1429 834 1490 id
861 1449 923 1492 oon
953 1433 1058 1512 paucis

137 1513 228 1589 locis,
250 1532 355 1593 neque
376 1531 455 1574 raro.

214 1595 493 1675 Hucusqueprima
514 1595 687 1660 dieacturn
710 1604 766 1675 est,
789 1596 819 1656 id
837 1608 892 1673 eat,
915 1595 976 1657 dno
999 1599 1059 1658 ista
1131 1599 1134 1616 '

138 1678 260 1739 obiecta
282 1687 362 1740 eunt.
392 1679 470 1739 Petii
492 1680 574 1738 eninr
596 1677 677 1738 diem
701 1678 739 1738 ad
763 1677 1004 1759 deliberandum,
1028 1687 1059 1741 et

137 1761 204 1823 abii.
227 1760 301 1822 Non
324 1762 434 1822 enime
448 1781 482 1821 re
504 1779 574 1821 mea
587 1761 654 1821 fore
670 1760 730 1820 vidi
754 1762 854 1822 verbio
865 1781 930 1822 rem
955 1781 1058 1843 agere,
1141 1816 1145 1829 .

138 1843 216 1923 quod
238 1843 295 1904 ille
321 1843 392 1904 loco
414 1842 573 1905 Pontificis
600 1843 730 1923 sedens,
759 1844 904 1923 quidquid
935 1845 1059 1924 diceret,
1094 1872 1099 1885 ·

138 1934 232 1988 murm
254 1925 339 2008 apud
360 1945 410 1986 me
433 1945 503 1987 enee
525 1925 637 2004 voluit,
664 1945 805 2006 rursum,
830 1925 979 2006 quidquid
998 1943 1058 2008 eg'c

139 2027 338 2089 opponerem,
352 2007 547 2070 exsibilatuur
558 2007 623 2086 fuit,
645 2009 818 2088 explosum,
833 2012 894 2070 irno
915 2010 1059 2086 derisum,

139 2093 255 2153 etiarnsi
284 2111 388 2156 aacraa
413 2090 600 2153 adveherent
631 2091 744 2153 literas.
774 2091 854 2153 Noni
884 2096 994 2156 omitto
1017 2092 1060 2155 di·

140 2196 220 2255 cere,
256 2175 340 2256 quod
375 2182 559 2255 potestatem
581 2175 684 2255 Papoe
715 2183 746 2235 et
775 2176 1061 2256 suprascriptum

141 2265 169 2319 et
188 2278 284 2339 eupra
302 2258 435 2320 concilia
456 2257 566 2319 toliere
587 2258 771 2335 conabatur,
807 2259 963 2339 allegans,
987 2258 1061 2339 ‹juo-

141 2340 229 2403 modo
266 2343 328 2401 iam
350 2342 437 2420 Papa
465 2340 629 2401 concilium
658 2341 832 2402 Basilienae
859 2342 1065 2423 abrogasset)

141 2443 206 2484 cum
238 2443 344 2485 turcus
364 2422 544 2484 Pariaieneis
570 2422 785 2484 Univeraitatie
815 2424 1059 2505 appellationem
1106 2440 1116 2455 “

141 2506 333 2587 allegaasem,
354 2505 509 2582 videbunt,
531 2507 638 2585 inquit,
661 2526 778 2585 poenos
800 2526 880 2570 auae.

218 2588 359 2651 Tandem
394 2589 503 2650 nescio
538 2607 615 2667 quoe
655 2588 852 2652 Gereonistas
895 2586 1062 2669 damnavit,

143 2691 207 2733 narn
228 2672 403 2733 Bonitienee
422 2671 588 2732 concilium
614 2678 667 2733 aut
689 2679 772 2740 certe
792 2672 967 2734 Gereonem
989 2672 1062 2732 alle-

143 2774 286 2834 gaverarn
306 2756 338 2815 in
359 2753 629 2832 Rescintionibns‚
664 2754 747 2833 quod
779 2755 935 2817 hominem
959 2753 1063 2817 move·

143 2837 199 2900 bat
221 2838 362 2899 Breviter
382 2838 549 2917 paternitas
571 2836 625 2897 illa
641 2838 732 2898 toties
754 2836 978 2899 illustrissimae
991 2845 1072 2908 tuae,

143 2920 348 2981 Dominationi
369 2920 523 2999 promissa
542 2938 617 3000 erga
639 2939 688 2981 me
710 2922 740 2980 in
763 2920 824 2982 hoa
839 2922 987 3000 constitit,
1011 2929 1063 2983 aut

145 3004 198 3062 rim
221 3022 273 3064 me
294 3020 464 3083 marum,
485 3009 540 3063 aut
560 3006 794 3064 revocaturum:
817 3022 880 3065 non
894 3005 976 3081 enirn
1000 3003 1062 3065 die·

145 3095 246 3163 putare
266 3104 338 3147 aeae
358 3102 479 3146 mecam
497 3084 580 3146 velle
601 3084 714 3148 aiebat.
736 3085 874 3166 Ideoque
899 3086 1063 3147 consitium

146 3167 194 3227 suit
225 3169 348 3249 scriptia
380 3167 583 3248 respondere,
617 3188 697 3248 quae
725 3169 757 3229 id
791 3178 874 3231 certe
907 3171 1063 3250 oppressis

148 3250 289 3330 praebent
308 3250 476 3329 eclanum,
514 3250 598 3331 qnod
631 3252 765 3313 aliorum
799 3270 921 3333 quoquc
951 3251 1064 3312 iudicio

149 3334 310 3395 examinari
329 3340 474 3414 poseant,
508 3341 540 3395 et
566 3334 705 3406 nonnihil
736 3335 944 3396 conscientiae
973 3342 1065 3413 atque

150 3416 259 3479 timoris
279 3417 433 3478 incutiunt
460 3416 576 3496 alioqui
596 3418 697 3479 verbi·
720 3417 920 3499 praevalenti.

229 3498 338 3563 Altera
358 3499 462 3578 itaque
484 3499 534 3560 die
555 3498 649 3580 redii,
679 3508 710 3561 et
739 3518 857 3560 mecum
879 3498 1066 3561 reverendus

156 3580 238 3643 Pater
259 3581 399 3643 Vicarius
419 3580 580 3643 Johannea
596 3582 782 3662 Staupitniue
797 3580 849 3664 ¹⁸¹),
873 3584 923 3663 qui
946 3583 1065 3642 interim
1188 3570 1198 3585 ⁸

197 3826 229 3895 ⁸)
248 3827 281 3881 In
299 3826 345 3882 ed.
364 3827 443 3882 len:
460 3827 619 3903 Stnpttaiua.

178 3940 266 3991 uacet
280 3960 332 4000 opp.
345 3950 373 3992 v.
386 3949 414 3990 n
427 3949 457 3990 au
470 3949 511 3990 ror.
524 3949 574 3989 rue
588 3949 603 3987 r.
617 3959 639 3997 p.
654 3947 703 3989 v01.
717 3946 746 3987 11.
817 3948 856 4009 27
