2600 4300
225 299 290 366 M
474 301 603 371 Epistole
619 300 664 356 n:
675 299 786 354 nuent
801 299 914 356 Lutheri

229 473 262 532 'st
281 471 364 552 spud
381 491 439 532 nos
464 471 588 552 quidum
610 470 822 553 syoopirentse
848 471 1071 551 instituerem·
1088 479 1157 532 tuae

160 580 162 589 ·
231 554 427 614 celsitudinis
452 555 573 615 hortatu
596 563 628 614 et
648 554 779 618 oonsilio
808 573 856 614 me
881 554 946 614 ista
974 551 1157 636 disputasse,

229 655 299 696 eum
322 636 410 697 huius
434 638 652 718 disputationis
670 635 770 696 nullus
787 638 878 696 etiem
896 637 1075 698 intimorum
1086 641 1157 698 smi-

230 738 335 778 eorum
356 720 449 780 inerit
470 721 624 795 ennesius,
641 721 702 779 nisi
721 719 994 780 reverendissimus
1008 720 1157 782 Dominus

232 801 493 882 Archiepisoopus
516 802 803 883 Megdeburgensis,
826 810 858 861 et
876 802 1031 864 Dominus
1054 804 1157 864 Hiero·

230 903 341 964 nymns
376 885 552 966 Epissopus
590 884 904 964 Brundenburgensis.
965 886 1032 946 Hos
1068 888 1156 967 enim,

230 970 309 1028 sisui
336 969 482 1029 intererat·
515 987 624 1028 eorum
654 969 714 1026 iste
742 979 878 1028 munstre
905 968 1088 1049 prohibere,
1117 971 1156 1031 ita

231 1052 357 1131 privatis
380 1052 485 1129 literis,
507 1058 673 1129 antequam
689 1050 934 1130 Disputationem
948 1051 1086 1128 ederent,
1107 1053 1156 1114 tiu-

232 1133 341 1194 militer
362 1142 392 1192 et
414 1141 592 1194 reverenter
606 1134 734 1207 monui,
765 1139 798 1192 nt
827 1151 918 1214 snper
946 1153 1023 1194 oves
1044 1135 1155 1202 Christi

228 1209 394 1296 uigilarenl
414 1217 563 1276 adversus
586 1216 676 1296 lupos
699 1216 785 1276 istos.
815 1215 899 1276 Bene
920 1215 1060 1277 sciebam
1083 1217 1157 1280 hese

231 1317 294 1359 uon
315 1299 354 1358 ed
377 1299 533 1379 Principes
551 1299 667 1375 laicos,
698 1299 752 1360 sed
776 1297 815 1358 ed
838 1299 1006 1380 episcopos
1026 1301 1155 1380 primum

231 1380 399 1443 referenda.
432 1383 544 1441 Exstat
563 1381 697 1462 epistola
713 1398 792 1458 mea,
816 1381 979 1442 multorum
1003 1383 1156 1466 inmersus

232 1464 387 1540 devoluto,
408 1464 517 1524 horum
540 1465 677 1524 omnium
700 1465 796 1524 testis.
838 1463 900 1526 ists
922 1483 982 1545 ego
1006 1465 1085 1528 lesi·
1123 1463 1140 1530 ,’

314 1546 374 1608 sed
398 1547 481 1626 qnod
502 1565 585 1606 nuno
608 1546 699 1606 vellet
719 1546 992 1607 reverendissimus
1004 1547 1154 1609 Dominus

232 1631 364 1707 legatus
394 1638 467 1689 tuae
499 1629 722 1688 illustrissimae
755 1629 964 1698 Dominetioni
1004 1633 1152 1692 maonlam

232 1713 362 1786 inurere,
386 1714 503 1791 totique
524 1712 668 1790 sanguini
691 1711 802 1771 domus
818 1711 985 1788 Saxonise,
1009 1713 1093 1773 etin
1116 1717 1153 1774 in·

231 1794 343 1854 sidiam
365 1796 477 1856 summi
498 1793 810 1868 passionumve,
836 1794 916 1856 adeo
939 1797 1084 1856 homines
1106 1799 1152 1856 ho-

220 1876 282 1936 ·die
303 1877 432 1938 eredunt
451 1877 605 1937 Christum
627 1895 697 1935 esee
726 1877 895 1956 sepultum,
911 1883 913 1890 '
928 1873 1018 1956 quasi
1042 1895 1105 1939 non
1126 1889 1153 1940 et

233 1978 313 2020 suno
348 1978 403 2038 per
434 1961 554 2019 asinam
584 1959 668 2036 loqui
703 1957 817 2037 possit,
851 1965 881 2018 et
908 1959 1064 2040 apostolis
1086 1979 1152 2042 apo-

220 2039 412 2120 -stulieisque
443 2043 514 2100 viris
548 2039 737 2118 insentibus,
773 2058 830 2121 per
859 2041 942 2122 ligna
975 2042 1152 2124 lapidesque
1201 2063 1202 2113 l

219 2124 378 2186 stemate.

219 2250 223 2255 -
316 2206 428 2267 Verum
461 2214 554 2287 opto,
587 2225 658 2270 oro.
691 2206 799 2286 euplo,
823 2215 855 2265 ut
875 2208 1083 2275 illustrissima
1103 2219 1150 2270 tus

233 2290 414 2351 Dominetio
434 2292 465 2349 in
489 2288 631 2349 omnibns
641 2288 809 2349 adhaereat
823 2289 975 2351 ecelesiae
986 2298 1019 2350 et
1034 2310 1148 2353 summo
1200 2342 1201 2345 η

234 2372 385 2450 Pontilioi,
408 2373 480 2432 mihi
506 2372 633 2432 veroin
657 2370 798 2431 omnibus
821 2371 1009 2433 adversetur.
1042 2373 1147 2435 Nisiid

234 2474 327 2516 unum
349 2474 407 2535 pro
431 2474 481 2513 me
503 2455 586 2528 (imo
608 2472 664 2533 pro
687 2461 796 2527 saneta
817 2454 954 2533 veritate,
977 2474 1036 2535 pro
1061 2452 1148 2520 esol'e·

232 2539 307 2615 siae,
329 2545 362 2597 et
381 2556 438 2617 pro
467 2537 577 2597 summi
599 2535 771 2614 Pontifiois‚
793 2536 939 2617 'denique'
968 2554 1028 2618 pro
1059 2540 1147 2619 ipsius

232 2620 476 2704 reverendissimi
500 2620 625 2680 Domini
647 2619 753 2699 Legati
776 2619 909 2696 honore,
941 2618 1076 2699 denique
1097 2641 1146 2701 pro

231 2702 381 2763 illustriss.
404 2708 475 2762 tuae
487 2702 714 2762 Dominationis
729 2700 809 2761 fama
825 2706 969 2782 quoque)
992 2703 1148 2784 supplicet,

216 2779 267 2845 sut
281 2786 421 2865 ‘rationes
443 2790 474 2843 ei
495 2782 675 2845 autoritates
698 2782 868 2864 'appareant
890 2784 1070 2863 aliquando,
1092 2788 1148 2866 qni·

232 2866 290 2945 hus
322 2884 407 2927 error
442 2884 529 2928 ruens
554 2867 701 2927 oonvinni
729 2874 862 2946 putetur.
910 2866 989 2927 Nom
1019 2870 1147 2940 sinehis

233 2966 284 3009 me
306 2948 462 3026 damnare,
485 2967 586 3028 neque
608 2956 679 3009 tuae
692 2948 914 3025 illustrissimae
932 2949 1147 3028 Dominationi,

211 3048 336 3111 ,nsque
357 3050 478 3093 summo
500 3030 651 3105 Pontifici,
674 3050 782 3110 neque
795 3031 961 3110 missiae,
985 3050 1089 3113 neque
1107 3050 1145 3093 re·

212 3113 454 3175 ·verondissimo
487 3110 622 3174 deino
654 3112 772 3194 Legeto
812 3113 1016 3177 honorificum
1057 3117 1146 3187 inerit.

234 3196 348 3257 Vivant
367 3195 490 3273 fideles,
522 3197 597 3255 vivit
617 3196 771 3274 christus,
807 3196 914 3257 vivunt
940 3197 990 3256 vel
1012 3197 1145 3265 homines

234 3282 326 3359 uerte,
347 3279 399 3357 qni
421 3277 564 3337 indioent.
749 3332 766 3353 ,
1126 3286 1139 3309 ·

315 3359 408 3434 Quod
433 3376 507 3419 vero
539 3354 811 3419 reverendissimus
840 3358 991 3422 Dominus
1021 3357 1143 3443 Legatos

232 3437 466 3501 illustrissimam
488 3448 571 3503 tuam
584 3441 832 3503 Dominstionsm
851 3441 1006 3511 admonet,
1030 3453 1071 3522 ut,
1092 3446 1141 3505 nisi

217 3521 265 3582 ..in
285 3521 391 3601 urbem
413 3541 463 3581 me
485 3523 607 3593 miserit,
631 3524 679 3584 rel
696 3524 820 3583 eiecerit
841 3543 858 3583 e
879 3526 1057 3604 regionibns
1077 3528 1141 3603 suis,

213 3592 351 3659 ''Romne
372 3620 496 3663 eausam
519 3606 710 3682 prosecuturi
735 3607 795 3664 sint
816 3612 873 3668 eto.
902 3605 1084 3676 inexilium
1102 3611 1140 3669 ire
1196 3602 1197 3640 l

232 3696 293 3736 non
316 3700 504 3761 magnopere
526 3684 646 3767 abnuo,
681 3693 714 3745 ut
741 3688 789 3746 oui
821 3686 955 3767 undique
983 3689 1021 3751 eb
1045 3690 1139 3751 adver·

230 3759 317 3817 seriis
339 3764 414 3822 meis
436 3764 561 3825 insidias
583 3768 684 3845 parari
707 3768 846 3849 videam,
868 3765 970 3849 neque
990 3772 1079 3833 facile
1098 3790 1138 3832 us·
