2600 4300
376 319 412 373 sc
429 320 500 374 oio.
517 319 547 375 n.
565 318 633 375 ιιι.
652 319 799 375 musam.
1008 314 1049 382 33

142 485 214 545 vitae
232 485 355 546 tntum
374 507 466 548 unam
483 488 642 568 guttulam,
665 507 728 549 non
745 489 805 548 ista
820 485 947 549 dicares.
979 485 1050 547 Om-

140 568 184 626 nia
202 575 275 628 sunt
295 569 362 629 illic
383 573 562 650 praeterita,
595 573 702 632 omnia
728 571 918 650 praesentia,
946 570 1051 630 omnis

139 650 239 714 tuton.
285 652 452 732 Breviter,
472 655 545 733 quis
570 653 648 714 baec
680 660 751 714 sunt
772 655 879 734 ignota
899 651 968 730 tibi,
989 651 1051 712 hoc

89 730 91 761 '
139 740 180 792 est
198 733 283 812 quod
304 734 391 814 dico,
422 737 493 815 quia
513 755 616 816 poena
636 737 805 817 purgatorii
826 743 874 798 est
894 737 985 798 timor
1006 735 1050 800 fu·

138 817 189 882 turi
208 816 300 896 mati,
324 817 356 877 id
376 826 439 897 est,
461 819 570 880 homor
589 819 804 882 damnationis.
856 818 940 880 Sicut
959 835 1052 898 supra

139 899 307 978 exemplum
328 900 398 961 dedi
430 901 471 962 de
496 901 562 981 his,
592 903 644 981 qui
670 903 702 962 in
730 901 866 983 periculo
888 907 959 962 sunt
978 917 1050 962 con·

137 983 235 1044 stituti.

213 1063 349 1146 Quarto,
383 1066 467 1146 quod
498 1070 523 1128 si
550 1069 634 1129 solus
661 1069 719 1128 istc
745 1068 854 1128 horror
874 1069 948 1128 satis
969 1071 1052 1126 essct

118 1167 317 1292 ,pppnarpm
343 1151 456 1230 impios
485 1159 568 1212 esset
589 1151 688 1230 Deus,
716 1151 806 1230 qui1)
836 1150 912 1211 alias
933 1165 1051 1229 poenas
1134 1175 1144 1190 =

189 1250 266 1292 ere.

131 1357 143 1382 ,
210 1312 368 1393 Obsecro,
398 1323 566 1376 creatorem
593 1324 677 1376 tuum
700 1316 868 1377 modestius
889 1315 1050 1375 nominare
1093 1353 1099 1364 ·
1169 1329 1173 1334 ’

138 1398 208 1458 velis
231 1399 347 1458 misera
368 1406 523 1476 creatura,
551 1399 735 1479 numquid²)
760 1398 1050 1478 idecDeusimpius

136 1488 232 1557 meet,
259 1482 334 1560 qnia
360 1499 422 1542 non
452 1481 618 1570 secundum
636 1488 729 1564 caput
749 1489 832 1542 tuum
856 1479 1051 1562 opinionibus

135 1563 325 1624 'l'homisticis
347 1562 498 1624 differtum
519 1565 649 1646 ageret?

89 1674 90 1681 ι
210 1646 344 1725 Deinde,
366 1665 426 1706 nec
446 1667 495 1708 me
516 1649 670 1728 intelligis.
705 1646 776 1708 Non
801 1646 864 1708 dixi
885 1647 1048 1725 hanopoe

135 1747 200 1788 nam
222 1747 294 1790 csse
314 1728 527 1807 sufficientem,
547 1731 580 1790 id
601 1739 658 1807 est,
681 1746 804 1792 omnem
826 1747 917 1809 quam
933 1730 1045 1808 patiun

135 1814 331 1890 tur-animae,
353 1831 412 1872 nec
431 1812 470 1873 de
490 1813 558 1873 aliis
570 1815 681 1894 poenis
696 1812 856 1893 disputavi.
889 1811 949 1873 Sed
970 1811 1051 1871 hanc

122 1893 226 1954 'solam
249 1897 301 1956 aio
323 1895 480 1970 tantam³)
505 1904 668 1975 esse,ta1n
690 1897 914 1974 vehementem,
936 1900 969 1954 nt
982 1893 1051 1954 sola

134 1978 227 2056 possit
259 1979 330 2038 vice
357 1980 525 2058 purgatorii
546 1997 632 2057 esse,
667 1997 735 2039 cuni
765 1979 797 2038 in
825 1996 863 2038 ea
889 1979 928 2038 sit
950 1977 1049 2038 omnis

134 2078 246 2139 poena,
279 2061 343 2121 imo
372 2060 490 2142 elisei)
519 2081 642 2142 poenae
662 2079 801 2122 seorsum
821 2060 897 2122 nihil
918 2057 1049 2120 suntad

134 2144 226 2223 istam,
246 2152 284 2204 ut
303 2143 368 2203 dixi
388 2145 420 2203 in
441 2144 709 2208 declarationibus.

208 2226 258 2287 Ad
281 2225 432 2287 decimam
453 2236 572 2288 sextam
592 2228 837 2305 conclusionem,
865 2225 916 2299 ubi
937 2242 1048 2305 purga-

135 2310 237 2370 torium
260 2309 327 2369 dixi
349 2308 445 2369 videri
466 2330 563 2391 prope
583 2310 853 2391 desperationem,
886 2316 918 2369 tu
940 2314 1049 2368 contra

135 2401 241 2453 aarum
275 2412 363 2473 spem
394 2393 501 2453 salutis
528 2396 559 2453 in
591 2395 800 2475 purgatorium
821 2392 910 2473 ponis
936 2399 968 2451 et
988 2390 1049 2451 hoc

133 2494 189 2535 non
208 2477 269 2535 nisi
290 2474 374 2535 nuda
393 2475 532 2537 Thomas
553 2479 733 2555 autoritate,
755 2474 839 2555 qnod
859 2475 981 2535 remitto
1005 2472 1045 2535 ad

134 2558 361 2620 fundamentum
381 2577 483 2618 meum
504 2559 682 2620 secundum.
995 2606 996 2609 ι

210 2641 364 2720 Secundo,
385 2642 584 2703 vehementer
605 2643 720 2721 dubito,
742 2659 782 2702 on
803 2641 892 2717 scias,
916 2638 987 2719 quid
1009 2639 1049 2700 sit

135 2730 212 2785 certa
231 2744 313 2805 spes,
334 2742 406 2783 cum
427 2732 481 2785 tua
499 2727 594 2805 ipsius
615 2726 768 2786 sententia
785 2724 834 2802 sit,
856 2722 938 2802 qnod
951 2722 1046 2783 homo

136 2809 233 2885 nescit,
254 2827 295 2868 an
316 2824 424 2869 amore
444 2808 555 2888 dignus
576 2808 671 2884 εἰμ’).

209 2891 323 2971 Tertio,
345 2891 427 2950 hanc
446 2891 677 2954 conclusionem
699 2910 739 2951 ex
759 2888 941 2970 supradictis
961 2906 1047 2969 aper-

137 2980 193 3032 tam
210 2974 362 3053 relinquo,
385 2974 468 3052 quod
489 2975 644 3034 morituris
666 2981 697 3035 et
710 2973 846 3053 periculo
867 2973 991 3053 pressis,
1014 2971 1047 3031 li·

136 3063 183 3115 cet
200 3057 335 3117 nondum
355 3058 398 3116 sit
416 3056 596 3137 desperata,
622 3076 722 3137 prope
747 3063 866 3136 umen,
893 3074 931 3115 ao
962 3054 1047 3115 velut

137 3139 234 3199 similis
255 3148 303 3200 est
323 3138 514 3218 desperatae,
537 3140 630 3220 salus,
654 3140 754 3201 omnis
768 3140 848 3199 enim
866 3139 958 3199 timor
975 3154 1046 3217 pars

136 3221 277 3299 quaedam
298 3230 348 3283 est
368 3222 603 3302 desperationis.

207 3306 254 3365 Ad
276 3306 427 3366 decimam
447 3307 617 3385 septimam,
638 3306 691 3368 ubi
707 3324 746 3365 cx
760 3304 960 3382 consequenti
982 3301 1045 3361 ani-

138 3387 236 3449 mabus
257 3389 363 3469 augeri
384 3390 559 3464 necessario
582 3391 740 3451 caritatem
762 3386 835 3465 dixi,
857 3394 889 3446 tn
907 3383 1045 3467 pulcher·

188 3664 216 3730 1)
233 3663 262 3718 ln
281 3662 409 3718 eddam:
429 3663 501 3729 quia
526 3662 558 3730 2)
578 3663 609 3715 In
623 3660 705 3714 Ibid.:
726 3672 876 3729 nunquam.
905 3654 938 3721 3)
959 3652 1041 3709 Ibid.:

140 3738 242 3788 mutum.
276 3735 309 3805 4)
328 3735 412 3789 ibid:
432 3732 488 3789 alii.

190 3809 218 3877 ·)
227 3808 338 3863 -Ecclea
356 3808 382 3864 9.

188 3898 748 3961 ΜυίοΜ.Α.ιᾱιοῐ.1ιὶιι,1.ρ.ῩοΗΙ.
816 3896 834 3959 3
