2600 4300
411 352 446 406 de
464 355 564 407 virtute
583 354 829 423 indulgentiarum.
1025 354 1087 421 293

157 520 251 596 biles,
273 522 306 581 in
328 522 611 602 esrumlpropriam
624 521 863 584 vilificationem.
896 524 983 583 lllens
1006 526 1086 585 enim

157 602 318 682 pontificis
339 622 401 665 non
418 611 528 685 potest
555 624 624 665 esse
653 606 731 682 alia,
765 624 855 685 quam
887 606 968 685 quod
990 606 1086 667 indul·

155 688 287 766 gentius
308 694 379 747 sunt
398 687 619 767 indulgentiae.

442 778 666 876 'Conclusi0
689 814 796 876 XCII.

205 936 210 946 '
242 925 381 993 Veleabt
395 930 504 1011 itaque
518 932 627 992 ciuiles
636 929 693 991 'illi
707 901 886 1011 piopbetae',
908 934 959 1014 qui
970 919 1086 995 dicunt

155 1014 279 1114 popula
302 1014 431 1074 Christi:
454 1017 526 1094 pax,
547 1014 756 1095 paxfetanon
780 1021 828 1075 est
849 1035 919 1095 pax.
1046 1016 1049 1029 '

439 1179 655 1241 Conclusi0
679 1178 807 1243 XCIII.
842 1174 845 1180 ’

242 1318 331 1379 Bene
352 1326 448 1399 agent
468 1336 576 1379 omnes
597 1318 641 1379 illi
670 1318 858 1401 prophetae,
896 1321 946 1399 qui
980 1320 1085 1381 dicunt

154 1401 278 1480 populo
302 1400 430 1462 Christi:
452 1401 545 1481 Crux,
567 1420 652 1480 crux,
675 1406 713 1473 et
727 1420 789 1460 non
812 1412 859 1461 est
881 1420 966 1464 crux.

439 1566 656 1627 Conclusio
679 1564 815 1655 xciv,

239 1673 445 1767 Exanimis
455 1701 528 1758 sunt
539 1694 713 1772 Christiani,
735 1700 773 1755 ut.
783 1700 986 1773 caputsuum
999 1694 1082 1758 Chri-

152 1785 236 1841 stum
260 1798 317 1859 per
337 1797 455 1858 poenes
477 1780 583 1840 mortis
603 1778 803 1856 internosque
821 1778 909 1856 aequi
929 1776 1091 1840 studeant.¹

447 1910 795 2007 conorusio'xuv.
816 1952 836 2006 ,·
906 2000 908 2005 ,
980 1990 984 1997 .

240 2069 290 2129 Ac
310 2070 354 2129 sic
375 2070 473 2152 magis
486 2068 490 2079 '
505 2088 561 2152 per
591 2065 702 2131 multas
730 2068 942 2131 tribulationes
970 2068 1083 2129 intrare

156 2154 293 2232 coelum,
317 2173 408 2233 quum
430 2173 486 2234 per
506 2155 701 2228 securitatem
726 2153 811 2233 pacis
834 2151 1000 2215 confidunt.

242 2236 325 2297 Satis
356 2256 449 2316 supra
479 2236 517 2296 de
547 2255 638 2296 crues
665 2243 697 2296 et
729 2236 838 2316 poenis
874 2233 988 2296 dictum
1027 2239 1083 2308 est,

154 2318 252 2380 bodie
273 2337 360 2378 rarus
384 2336 495 2379 sermo.
573 2398 608 2460 Fi
633 2399 641 2413 Ι

610 2417 668 2460 ms.

208 2565 268 2628 Ad
290 2563 503 2626 Candidum
526 2563 730 2654 Lentonem
754 2569 792 2624 et
810 2563 1024 2661 Cruditum.

179 2741 186 2754 .
240 2693 390 2756 Nea-tibi
411 2693 490 2757 hese
510 2690 594 2754 edite
614 2691 791 2768 existimas,
821 2691 938 2752 erudita
960 2699 991 2754 st
1012 2711 1086 2753 uan-
1161 2741 1164 2748 ,

158 2776 231 2838 dide
253 2777 367 2853 lector,
400 2792 590 2855 quemquam
607 2773 681 2852 quid
696 2827 699 2836 ,
714 2791 792 2853 opus
814 2773 874 2834 hoc
895 2775 1082 2838 monitorio?

158 2861 246 2938 quasi
269 2861 394 2925 timeam
416 2858 620 2921 Ciceroniana
645 2856 726 2922 hauc
752 2855 806 2919 tibi
840 2857 937 2918 visum
966 2858 1017 2936 isi,
1050 2865 1082 2919 tu

140 2940 213 3022 ‘pro
236 2943 334 3023 genio
356 2950 409 3002 tuo
432 2940 527 3002 hebes
548 2938 683 3018 aliunde,
705 2938 900 3020 quod-legas,
921 2957 971 3000 me
993 2957 1082 3020 opor-

158 3027 214 3086 tuit
236 3045 309 3088 cum
329 3025 390 3092 mei
411 3022 560 3084 similibus
580 3027 696 3098 nostre,
718 3019 749 3082 id
773 3027 835 3097 est,
857 3021 945 3082 rudis
965 3031 996 3083 et
1014 3023 1083 3084 bar-

159 3107 233 3170 bara
254 3114 395 3173 uacare.
429 3105 481 3168 Sic
499 3103 723 3185 placitum‘iuit
743 3103 893 3183 incaelo,
914 3123 973 3166 nec
990 3125 1082 3166 ausus

158 3191 285 3252 fuissem
308 3209 421 3251 numen
445 3189 554 3249 summi
571 3186 730 3266 pontificis
750 3187 797 3247 his
821 3187 895 3246 meis
918 3185 1008 3248 bullis
1029 3207 1082 3268 ap-

160 3275 291 3353 pellare,
325 3274 383 3333 nisi
416 3271 563 3332 vidissem
594 3269 714 3329 amieos
747 3287 832 3330 meos
863 3269 945 3328 illius
966 3275 1082 3330 terrore

161 3375 251 3436 quam
275 3356 408 3416 maxIme
429 3352 596 3428 confidere,
619 3351 732 3412 deinde
755 3351 838 3432 qnod
852 3351 960 3410 summi
982 3353 1083 3432 ponti·

161 3439 224 3500 licis
245 3437 402 3536 peculiare
419 3424 463 3496 'sit
485 3431 636 3514 officium,
669 3439 702 3494 ut
723 3431 892 3496 debitorem
916 3441 1001 3514 agat,
1036 3455 1083 3498 ss·

161 3521 312 3604 pienubue
334 3525 366 3581 et
385 3517 610 3599 insipientibus,
631 3515 971 3580 amecisntssarbnts.
995 3515 1082 3579 Vale.

256 3675 262 3680 ,
352 3601 446 3665 Anne
467 3599 590 3664 Domini
611 3596 652 3664 Μ.
674 3599 714 3663 D.
734 3597 832 3660 XVIII
846 3597 887 3675 ¹).

163 3726 362 3742 -h—u--n—n-

230 3771 264 3839 1)
284 3770 383 3822 Annus
400 3771 429 3821 in
448 3767 491 3837 sd.
511 3767 598 3834 princ.
616 3779 673 3816 nnn
692 3761 842 3816 indicatur.
