2600 4300
384 316 421 373 de
438 318 538 372 oron·
554 314 798 387 indulgentiarum.
996 312 1058 380 211

149 481 275 571 videtne)
292 505 334 548 ex
355 485 489 567 quedem
509 486 627 552 inentia
642 483 853 567 inspiciendae
871 485 997 567 originis
1017 486 1061 547 in·

148 570 373 651 dulgentiam.
395 568 475 631 Nom
490 576 563 631 tnne
589 570 746 650 tempon's,
769 568 893 649 quondo
914 568 1061 650 vigebant

148 653 552 733 oenones-poenitentiales,
574 672 718 734 magnum
740 659 807 713 eret
826 652 967 713 relexere
989 670 1060 731 que·

147 744 210 797 tnor
229 734 306 813 dies,
327 737 649 817 poethooeoepenmt
660 741 782 797 eentum
796 734 869 795 dere
883 735 926 815 ¹),
949 734 1061 796 deinde

147 819 224 880 mille
243 818 325 899 dies,
347 819 473 881 tandem
493 819 590 880 multo
609 818 694 879 miiin
716 817 843 899 dierum,
866 824 898 879 et
918 818 1007 897 enni,
1030 824 1062 879 et

147 920 293 963 onnomm
315 902 493 963 oentenaria
513 909 545 962 et
566 901 746 963 millenario.
779 900 831 962 sie
852 901 934 961 enim
955 900 1060 981 penis-

134 986 381 1128 ,dmtffimmst
416 985 587 1128 [peiorum
613 985 713 1045 meior
740 983 867 1080 longims
893 984 1060 1127 venitngnm.

146 1086 520 1226 stetistis-‘2¹’
530 1086 603 1230 1:2².
610 1076 961 1225 ‚nsandides
980 1084 1061 1229 pit]

146 1250 179 1293 eo
199 1234 244 1293 sio
264 1240 446 1313 perventum
467 1240 517 1293 est
535 1232 575 1293 od
588 1234 756 1313 plenariam
775 1232 987 1292 remissionem
999 1250 1062 1291 om·

146 1316 764 1472 &detit‘t'tsetsttttt
784 1313 1062 1478 iidssimiihssid

147 1480 199 1542 bens
217 1482 398 1563 intelligitur
408 1482 599 1563 poenitentia
619 1482 763 1557 inionem,
787 1489 870 1541 oerte
892 1486 924 1541 et
944 1480 975 1540 in
998 1479 1061 1560 ple-

147 1564 228 1625 ntrin
247 1566 434 1626 remissione
453 1562 655 1645 intelligendo
676 1571 731 1629 est.
1068 1628 1071 1633 ,

221 1646 336 1723 Tertio,
357 1648 468 1709 iterum
490 1646 578 1709 stilos
588 1666 689 1726 popae
701 1646 840 1726 dicentis,
861 1664 918 1725 per
936 1643 1061 1705 modum

148 1728 285 1810 suffragii.
328 1729 461 1810 Oportet
482 1731 563 1791 enim
584 1729 739 1791 diversum
762 1746 834 1791 sese
855 1726 979 1789 modum
1004 1728 1063 1787 sni·

147 1812 227 1892 tregii
259 1832 280 1874 e
301 1814 397 1873 modo
424 1814 596 1893 potestatis.
639 1812 731 1887 Quod
753 1814 779 1872 si
800 1813 858 1891 ipsi
880 1829 980 1891 popee
1005 1810 1061 1883 (si-

148 1902 193 1955 out
212 1893 380 1970 debemus)
408 1896 478 1975 plus
499 1895 674 1974 enodemus,
712 1914 803 1975 quem
835 1894 895 1955 illis
920 1905 951 1955 et
972 1890 1062 1953 nobis

148 1977 230 2057 ipeis,
260 1984 348 2058 potet
373 1977 487 2038 nullom
510 1984 712 2059 potestatem,
734 1977 789 2039 sed
812 1975 988 2057 suffragium
1010 1994 1061 2035 vs·

149 2060 205 2120 lere
228 2062 260 2120 in
298 2062 518 2141 purgatorium.
559 2060 666 2121 Tutius
696 2068 744 2121 est
771 2059 843 2121 mihi
878 2077 948 2119 eum
980 2076 1063 2139 pepe

149 2143 263 2223 sentire,
280 2162 373 2223 qoem
395 2163 464 2205 enm
485 2143 556 2207 illis.
599 2143 683 2224 Pepe
704 2163 767 2206 non
788 2150 913 2286 arroget
934 2140 991 2203 sibi
1006 2159 1061 2221 po·

150 2233 294 2303 testatem,
317 2226 373 2288 sed
395 2226 571 2308 suffugium
592 2227 650 2289 sibi
672 2225 823 2288 vendieet.
880 2233 893 2286 t
912 2225 987 2286 sotis
1009 2224 1062 2284 mi-

150 2327 203 2385 ror,
223 2328 286 2389 quo
304 2309 418 2372 flduoie
437 2309 482 2370 iiii
502 2319 611 2371 eootrn
625 2327 804 2390 expressam
824 2306 1061 2388 prohibitionem

151 2407 188 2454 e:
207 2391 283 2453 Cum
306 2411 347 2452 ex
369 2411 423 2470 eo,
450 2392 519 2472 plns
540 2392 675 2453 ondeont
695 2392 894 2472 praedieere,
917 2409 1007 2470 quem
1029 2390 1061 2449 in

152 2474 237 2536 literis
257 2493 359 2555 pepee
370 2476 554 2551 continetur,
576 2495 645 2536 eum
667 2495 702 2536 su
782 2475 803 2536 ii
824 2473 934 2536 modus
948 2471 991 2534 ibi
1013 2489 1063 2531 eo·

152 2557 206 2618 lom
227 2559 429 2619 eontinentur.
470 2557 562 2632 Quod
588 2559 614 2618 si
635 2559 681 2618 sie
700 2559 765 2620 inte
779 2558 890 2638 ligent,
918 2574 981 2616 non
1010 2554 1062 2615 he-

153 2638 198 2700 bet
216 2647 402 2720 potestatem
415 2641 538 2720 quidem
558 2640 776 2703 iurisdietionis
798 2642 829 2700 in
843 2639 1062 2720 purgatorium,

153 2722 200 2782 sed
230 2732 332 2820 temen
362 2723 468 2866 {⁸3⁰⁸
503 2730 688 2804 potestatem
722 2723 853 2784 clavium
887 2719 1062 2802 epplieendi

305 2825 337 2866 m
359 2827 370 2866 1
393 2825 444 2867 u.

153 2805 287 2950 Ἢ
301 2887 373 2950 dieo
394 2897 427 2948 st
448 2908 528 2969 ego,
555 2887 638 2967 quod
661 2888 722 2948 hoe
743 2905 835 2948 nemo
857 2891 960 2968 neget
1004 2885 1061 2946 Po-

154 2977 238 3032 teetes
258 2971 453 3051 epplioendi‚
474 2973 540 3032 sive
562 2969 716 3052 suffragiu,
738 2970 804 3030 sive
824 2969 1062 3044 sstisseetiones,

153 3054 210 3114 sive
229 3053 336 3116 leudes
356 3054 425 3132 liei,
447 3073 571 3134 prorsus
593 3062 642 3114 est
662 3053 693 3114 io
717 3072 807 3114 menn
832 3053 942 3114 summi
963 3051 1063 3132 ponti·

154 3134 219 3198 fisis.
261 3137 374 3199 Verum
400 3157 440 3198 en
461 3136 516 3198 iile
536 3143 675 3216 potestne
709 3136 754 3196 sie
775 3136 814 3196 sit
835 3134 931 3196 solius
952 3153 1063 3214 pnpee,

155 3227 184 3278 nt
200 3239 259 3282 non
283 3221 377 3282 etiem
395 3217 714 3299 oliornmpontideum
736 3219 786 3296 eit,
808 3225 841 3278 ut
861 3217 1062 3279 eonolusione

157 3302 340 3378 pmeeedenti
368 3302 480 3376 dietum
511 3308 575 3379 est,
603 3302 653 3362 vel
675 3299 746 3380 qnid
774 3319 834 3382 ego
861 3298 998 3360 nondum
1020 3299 1063 3358 in·

158 3383 250 3465 teiligo
269 3387 301 3446 in
323 3386 384 3446 isto
407 3384 500 3446 modo
515 3384 741 3464 eppliootionis,
763 3385 792 3444 in
817 3381 953 3443 seeundo
974 3385 1062 3460 parte

159 3464 234 3527 huius
259 3467 467 3532 oonelusioois
501 3466 612 3530 dienm
663 3467 786 3528 interim
819 3464 900 3526 hene
933 3465 1062 3544 primam

161 3567 374 3630 prosequemur.
808 3545 814 3556 '

159 3685 163 3700 1
230 3631 353 3713 Quarto,
374 3640 406 3694 et
426 3634 563 3694 omnium
581 3633 757 3708 fortissime,
774 3628 912 3691 Christus
924 3646 987 3689 non
1000 3647 1062 3688 em·

192 3803 219 3869 i)
237 3803 320 3857 lotos
339 3803 408 3858 deri.

776 3917 814 3977 14
837 3913 854 3950 ⁸
