2600 4300
243 350 307 428 ltu
529 356 665 435 ‘spretus'
679 365 713 419 n.
732 357 841 420 aarum
858 367 973 420 uulneri
1032 411 1038 418 .

957 481 979 507 0

325 524 447 594 Deinde
469 533 548 612 vide,
571 538 687 615 optime
708 535 866 614 Princeps,
889 535 974 614 qnod
996 553 1072 594 vere
1087 533 1173 593 Deus

243 619 275 680 in
296 616 366 678 altis
388 615 522 697 habitet,
545 625 667 679 etcum
691 615 841 679 rehendst
861 623 983 678 astutos
1005 619 1037 677 in
1058 616 1174 677 astutia

244 711 309 761 sua.
332 699 415 759 Dicit
436 701 528 779 enim,
551 701 608 760 triu
628 721 648 762 a
674 701 846 762 rrmaverim
867 701 900 762 in
922 701 1111 761 bac-causa.

326 782 450 860 Primo,
484 782 566 843 dicta
586 783 686 845 fratris
709 784 831 844 Martini
853 784 884 842 in
909 781 1174 844 conclusionibus

243 867 306 926 suis
327 865 523 947 disputative,
545 867 576 925 in
590 866 788 928 sermonibus
810 867 967 928 tamenab
985 885 1025 927 eo
1048 863 1174 944 scriptis

243 947 436 1008 affirmative·
449 956 480 1008 et
499 951 648 1010 assertive
671 969 740 1010 esse
762 951 895 1029 posita.-

245 1057 249 1062 ·
325 1032 532 1111 Respondes:
554 1031 589 1093 Si
599 1031 785 1113 disputative
805 1033 908 1112 posita
918 1031 1077 1112 intelligit,
1102 1028 1174 1109 quid

244 1125 319 1194 ergo
342 1133 392 1174 me
414 1115 557 1173 miserum
581 1121 613 1174 et
633 1121 799 1194 pauperem
824 1113 981 1176 llominem
1005 1119 1054 1174 tot
1077 1113 1175 1172 mole-

243 1199 310 1264 sti'u
332 1204 461 1273 vexant,
490 1203 536 1256 tot
554 1198 733 1277 ¹sumptibus
756 1204 944 1276 extenuant,
968 1201 1016 1257 tot
1038 1196 1175 1256 crimini

243 1278 300 1360 bns
326 1270 555 1360 et'ignominiis
577 1278 733 1359 afficiunt,
761 1287 808 1341 tot
836 1279 984 1340 scandala
1012 1285 1044 1338 et
1073 1297 1173 1358 prope

243 1358 409 1426 schismata
435 1362 595 1422 excitant?
628 1362 706 1424 Sunt
731 1363 965 1458 Disputationes
1008 1362 1172 1441 (inquit):

242 1447 356 1525 gratias
383 1464 462 1527 ago,
489 1445 647 1506 absolutus
676 1465 760 1524 sum,
790 1463 853 1506 rmo
886 1451 917 1506 et
938 1445 1080 1505 damnati
1103 1451 1173 1503 snnt

243 1535 367 1608 unrnes,
389 1529 439 1609 qui
464 1547 512 1588 me
534 1529 565 1588 in
587 1529 634 1588 ins
660 1535 856 1590 vocaverunt.
884 1528 957 1610 lpse
979 1528 1063 1588 enim
1087 1545 1172 1587 reve

243 1610 440 1672 rendissimns
463 1609 605 1670 dominus
619 1611 752 1692 Legatus
773 1611 820 1672 his
842 1611 943 1673 verbis
965 1612 1055 1672 testis
1079 1609 1171 1670 nobis

177 1730 181 1737 -
242 1694 296 1770 eit,
334 1713 368 1755 se
396 1695 506 1755 frustra
541 1702 573 1754 et
592 1695 697 1774 iniqua
717 1695 965 1774 rationeomnia
986 1701 1101 1754 contra
1123 1711 1171 1752 me

242 1777 363 1856 egisse,
401 1779 519 1865 et‘ista
543 1795 668 1857 quoque
689 1797 751 1838 non
776 1779 894 1838 sincere
916 1777 1091 1857 scripsisse.
1123 1777 1169 1836 An

242 1859 378 1919 nondum
398 1860 496 1940 pudet
514 1879 571 1921 eos
593 1879 668 1920 suae
688 1861 880 1942 tyrannidis,
919 1877 1012 1940 quam
1040 1859 1198 1939 propric'

242 1943 420 2004 testimonio
443 1950 504 2003 tam
526 1942 609 2003 clare
632 1943 837 2004 confitentur?
858 1941 939 2017 Quid
960 1943 1043 2001 enim
1067 1941 1169 2020 dispu-

242 2025 350 2085 tationi
372 2033 476 2105 potest
498 2025 589 2085 obiici
602 2025 761 2086 oriminis?
783 2024 863 2100 Quid
877 2024 1073 2104 disputatori,
1099 2043 1168 2102 qua

243 2106 302 2167 lem
335 2109 385 2169 hic
414 2128 463 2169 me
490 2106 672 2169 confltetur?
715 2106 796 2185 Quid
824 2109 890 2169 istis
921 2108 1019 2168 literis
1048 2105 1168 2168 voluit?

242 2191 291 2251 An
313 2198 347 2251 ut
366 2210 564 2253 nosceremus
593 2188 730 2253 Fratrem
750 2192 913 2253 Martinam
943 2190 1020 2250 nihil
1054 2192 1167 2271 egisse,

241 2274 299 2333 nisi
320 2273 518 2355 disputasse?
552 2273 693 2354 Ideoque,
715 2282 824 2335 contra
854 2294 924 2334 eum
947 2280 1051 2334 motos
1073 2272 1166 2333 irrisae
1197 2256 1198 2283 ¹

241 2357 307 2415 eius
328 2357 532 2436 adversarios,
553 2359 779 2437 ipsumquemet
797 2355 1091 2417 reverendissimum
1106 2356 1164 2416 Do·

242 2441 356 2499 minum
378 2440 540 2520 legatum,
576 2447 608 2501 et
634 2441 785 2508 non.nisi
805 2439 955 2500 insidiose
976 2438 1163 2500 calumniam

209 2592 213 2600 Ι
239 2527 271 2581 et
290 2524 431 2583 iniuriam
454 2523 482 2582 ei
504 2522 628 2583 molitos
650 2522 766 2583 luisse?
799 2522 878 2582 Nam
907 2542 1000 2601 super
1031 2520 1164 2601 disputa·

238 2606 322 2665 tione
343 2602 399 2666 init
419 2606 539 2681 citatus,
562 2606 625 2665 noir
647 2604 964 2685 superaermoninus:
987 2622 1084 2685 super
1101 2602 1164 2665 Ser·

166 2707 170 2711 ’
239 2691 451 2766 mon'eseninr,
474 2696 637 2768 postquam
662 2689 761 2749 fuerat
780 2690 900 2766 citatus,
922 2688 1083 2748 taetisunt
1106 2706 1163 2747 cer-

239 2772 341 2835 tiores.
372 2770 458 2847 Quos
488 2790 548 2851 ego
570 2771 689 2832 facilius
710 2771 873 2831 defendam
900 2770 985 2845 (Deo
1008 2770 1159 2851 propitio)

184 2882 191 2893 ·
240 2872 330 2932 quam
352 2856 436 2935 ipsas
458 2854 692 2933 disputationes.
734 2853 813 2915 Nam
841 2854 892 2914 hic
914 2853 1011 2914 multa
1029 2852 1161 2915 dubitavi

239 2944 271 2997 et
291 2938 442 3017 ignoravi,
464 2937 527 2997 illio
547 2936 692 3017 loquutus
714 2955 781 2999 sum
804 2956 843 2999 ex
866 2944 950 2997 certa
970 2938 1113 3012 scientia,
1135 2942 1162 2995 et

239 3039 301 3080 non
324 3040 364 3079 ex
386 3020 604 3101 opinionibus

321 3104 482 3163 Nunchoc
503 3102 672 3180 videamus,
696 3104 777 3182 quod
802 3122 848 3181 ea,
872 3103 995 3182 quaein
1010 3100 1188 3165 sermoni-2

197 3202 208 3219 ·
240 3186 295 3247 bns
317 3186 390 3263 dixi,
412 3186 522 3265 partim
547 3184 750 3263 damnabilia,
786 3188 896 3267 partim
920 3192 1032 3245 contra
1054 3182 1159 3244 doctri-

240 3287 310 3328 nam
331 3268 522 3348 apostolicae
544 3267 632 3328 Sedis
654 3270 772 3329 asserit.
795 3268 875 3343 Quia
896 3267 1016 3327 scilicet
1038 3267 1068 3326 ei
1083 3264 1158 3325 aliud

239 3358 296 3427 est,
319 3370 388 3410 esse
410 3348 595 3423 damnabile,
618 3356 650 3411 et
672 3349 754 3411 aliud
777 3368 846 3411 esse
867 3357 977 3411 contra
990 3349 1156 3409 doctrinam

238 3433 548 3513 apostolicaesedis.
577 3434 670 3493 Forte
702 3433 785 3515 quod
815 3432 998 3494 damnabilis
1022 3436 1156 3507 nonest,

239 3518 290 3592 qui
312 3522 420 3577 oontm
440 3516 610 3576 doctrinam
623 3514 713 3577 Sedis
737 3516 928 3596 apostolicae
948 3516 1093 3594 loquitur.
1116 3515 1156 3572 Ao

239 3598 284 3655 sic
304 3597 412 3656 iterum
434 3597 580 3657 absolvor
603 3604 635 3658 et
655 3596 812 3672 iustiflcor,
834 3600 927 3677 quiin
944 3598 1006 3658 lroc
1028 3598 1154 3656 maxime

239 3683 271 3733 et
298 3676 398 3736 solum
426 3686 586 3739 accusatus
617 3698 685 3738 sum
722 3686 754 3739 st
781 3682 908 3758 citatus,
937 3678 1021 3759 quod
1056 3685 1154 3739 contra
1181 3684 1182 3700 ¹

240 3752 409 3817 doctrinam
432 3758 519 3819 Sedis
541 3760 733 3839 apostolicae
755 3762 862 3822 fuerim
884 3762 1022 3839 locutus,
1052 3760 1082 3819 id
1105 3766 1152 3837 est,
1180 3782 1181 3787 ¹

239 3851 302 3892 non
323 3838 549 3919 damnabiliter,
570 3849 604 3901 nt
622 3842 675 3901 hic
697 3842 900 3924 distinguitur.
