2600 4300
228 326 271 397 56
481 329 639 400 Responsio
657 327 692 384 D.
710 327 788 382 liert
807 325 919 384 Lntherl

228 501 416 585 praedicata.
452 500 575 563 Deinde
583 499 766 563 Pontificem
789 497 999 576 commendas,
1020 497 1071 576 oui
1094 502 1154 558 tam

231 588 382 648 innocens
403 585 454 662 sit,
474 591 510 644 ut
528 584 630 645 nullus
652 585 736 646 vivat
750 589 804 643 sut
813 589 959 664 operetur
969 580 1153 642 indecenter.

231 668 336 732 Tertio
357 667 529 746 inveheris,
563 667 646 746 quod
677 667 843 728 fleternam
870 665 1074 728 monitionem
1095 681 1153 724 nor

230 752 452 836 praemiserim.
874 741 879 758 ‘

314 831 520 914 Respondeo:
551 831 584 892 si
610 849 674 892 non
702 837 774 892 sunt
793 827 973 910 praedicata
992 829 1087 908 talia,
1109 833 1156 888 aut

232 936 297 978 noo
320 915 430 986 credis,
453 913 526 994 quid
547 922 671 974 aestuas
693 920 727 974 ut
747 913 918 974 defendas?
944 913 1066 973 sinain
1089 929 1156 972 ven·

232 1006 299 1061 tom
319 1017 371 1059 me
392 997 575 1078 disputasse.

315 1081 430 1158 Primo,
453 1081 519 1140 scio
541 1087 574 1140 et
593 1098 653 1160 ego
677 1080 826 1160 optimum
848 1096 906 1138 nos
927 1077 1044 1138 habere
1059 1077 1157 1137 Ponti-

233 1165 323 1226 iicem
345 1163 483 1225 Leonem
505 1164 665 1224 Decimum
695 1169 726 1222 et
752 1160 838 1223 velut
857 1161 1019 1222 Danielem
1048 1161 1082 1219 in
1106 1159 1158 1219 Ba

233 1246 365 1327 bylone,
392 1252 426 1306 ut
455 1247 503 1305 cui
532 1264 589 1305 sua
608 1246 787 1306 innocentia
809 1245 893 1305 vitae
914 1244 1088 1324 periculum
1109 1243 1158 1302 ali·

235 1328 360 1409 quando
380 1328 505 1405 lecerit,
527 1327 582 1388 sed
603 1334 653 1404 tu,
675 1346 809 1407 quaeso,
833 1324 884 1386 dic
904 1326 994 1406 milri,
1016 1327 1087 1406 quis
1109 1345 1159 1384 un·

234 1430 325 1492 ᾳιιιιιιι
359 1419 420 1472 tam
455 1412 638 1472 iunocenter
664 1411 756 1488 vixit,
790 1416 825 1470 ιιι
850 1409 952 1469 nullus
983 1409 1065 1470 alius
1099 1426 1158 1468 non

233 1495 340 1573 iniqua
359 1493 471 1573 modo,
500 1493 555 1553 sed
583 1511 642 1552 nec
667 1493 848 1554 indecenter
876 1499 1020 1572 operatus
1050 1492 1161 1552 citant

174 1647 177 1654 ¹
235 1577 368 1638 vixerit?
405 1575 518 1640 videris
555 1577 679 1650 (nescio
718 1575 806 1656 quid)
846 1576 1012 1635 maximum
1042 1573 1160 1635 adulari

237 1659 383 1736 voluisse,
405 1658 460 1718 sed
481 1660 561 1719 inter
582 1657 745 1719 dicendum
777 1664 809 1718 et
828 1657 924 1718 verba
945 1663 977 1718 et
998 1675 1112 1718 sensus
1132 1663 1160 1716 te

235 1741 432 1802 deiecerunt:
465 1741 557 1801 Forte
585 1741 711 1802 voluisti
732 1741 853 1822 dicere,
882 1741 964 1819 quod
986 1740 1052 1800 Leo
1075 1739 1161 1800 Deoi-

235 1843 304 1884 mus
324 1822 357 1893 id
379 1824 458 1904 agit,
478 1830 513 1884 ut
533 1824 635 1884 nullus
656 1823 837 1886 indecenter
859 1824 955 1901 vivat,
985 1823 1072 1902 quod
1096 1840 1160 1882 oum

235 1905 356 1967 videres
391 1907 583 1986 impossibile
608 1909 689 1967 inter
717 1906 812 1968 verba
832 1912 932 1965 mutas
954 1925 1097 1987 sensum,
1132 1911 1161 1964 et

237 1990 409 2050 orationem
431 1990 498 2049 sine
521 2008 613 2049 sensu
634 1990 791 2068 relinquis.
1157 2027 1158 2032 κ

321 2071 464 2132 Secundo
486 2072 537 2132 dic
557 2072 647 2150 milri,
678 2074 745 2151 quis
767 2091 786 2132 a
807 2070 996 2152 dispunctore
1023 2087 1160 2149 unquam

233 2156 464 2235 expostulavit,
488 2163 521 2214 ut
548 2158 631 2234 prius
654 2174 723 2215 eum
746 2160 902 2232 moneret,
932 2160 1040 2214 contra
1071 2173 1160 2233 quem

235 2238 394 2318 disputat?
429 2236 489 2297 Gur
511 2239 603 2298 etiam
631 2245 663 2298 tu
696 2256 759 2298 non
800 2239 883 2317 prius
917 2256 967 2297 me
1003 2237 1160 2313 monuisti,

237 2320 365 2400 quando
387 2327 435 2381 tot
455 2321 631 2381 nominibus
653 2321 812 2379 criminum
838 2338 889 2379 me
918 2320 1045 2381 foedare
1076 2338 1161 2399 para·

235 2403 312 2464 bas?
335 2402 398 2463 (tur
417 2402 557 2481 pontifex
578 2404 610 2461 in
621 2403 754 2463 decretis
777 2404 838 2467 suis
860 2422 923 2463 non
938 2403 1020 2482 prius
1040 2409 1159 2478 monet,

235 2504 327 2565 quam
355 2487 462 2545 statuit
489 2491 598 2545 cono-a
624 2485 752 2547 ebusum
775 2485 993 2564 quaestorum?
1031 2484 1104 2565 Ego
1132 2485 1161 2542 in

239 2568 396 2629 communi
422 2567 590 2647 disputavi,
617 2570 772 2629 neminem
801 2568 969 2630 nominavi.
1019 2566 1051 2628 Si
1074 2568 1161 2626 iuno-

237 2656 343 2710 centes
364 2656 444 2726 sunt,
467 2650 539 2727 quid
561 2658 728 2729 queruntur
748 2669 819 2713 sese
835 2650 939 2731 tangi?
960 2650 1044 2729 Ergo
1066 2667 1160 2709 nemo

233 2732 395 2811 praedicet
410 2733 619 2814 ,evangelium
640 2734 714 2793 vitia
736 2753 828 2794 nemo
851 2741 957 2813 carpat
969 2734 1000 2793 in
1024 2731 1160 2813 publico,

237 2816 296 2874 nisi
317 2816 400 2894 prius
422 2815 555 2875 ostiatim
579 2816 717 2896 singulos
731 2824 865 2885 moneat.
895 2816 967 2875 Mihi
982 2814 1159 2875 miraculum

240 2903 297 2973 est,
318 2916 374 2958 eos
393 2916 463 2957 esse
484 2899 676 2973 innocentes,
698 2906 853 2960 ettamen
875 2900 950 2958 meis
972 2897 1074 2959 verbis
1097 2914 1160 2957 mo-

238 2980 312 3040 veri.
361 2978 423 3040 Sed
446 2999 549 3041 verum
572 2989 620 3043 est
640 2982 715 3042 illud
739 2982 801 3042 divi
822 2982 1012 3061 Hieronymi,
1034 2978 1160 3059 quando

198 3108 206 3141 ,
238 3062 314 3122 vitia
334 3064 537 3124 communiter
558 3072 735 3145 arguuntur,
757 3066 809 3145 qui
824 3065 973 3142 irascitur,
998 3068 1162 3123 aecusator

237 3151 287 3205 est
304 3145 362 3204 sui,
405 3145 550 3226 Denique
579 3147 736 3226 quomodo
764 3149 964 3208 monitionem
993 3164 1095 3207 meam
1115 3164 1160 3206 re-

236 3228 404 3308 cepissent,
441 3230 492 3308 qui
526 3230 619 3289 etiam
648 3238 679 3290 te
708 3239 838 3310 patrono
859 3248 957 3309 usque
978 3228 1071 3290 hodie
1094 3248 1160 3309 per·

236 3317 320 3371 amnt
340 3311 543 3371 innocentes?
570 3312 658 3388 Noli,
691 3332 823 3392 quaeso,
846 3313 921 3373 mihi
943 3310 1106 3388 mandare,
1129 3317 1161 3369 ot

236 3394 419 3454 innocentes
440 3412 595 3465 moneam,
617 3396 642 3455 si
664 3396 711 3457 vis
735 3402 847 3473 autem,
868 3402 903 3455 ut
923 3412 1076 3468 moneam,
1097 3395 1158 3453 iam

238 3475 300 3536 alio
322 3484 503 3545 accusatore
524 3496 586 3537 nou
611 3485 713 3557 egent,
736 3480 807 3557 quia
828 3484 859 3538 tu
881 3483 1029 3559 patronus
1051 3496 1158 3538 eorum

240 3565 388 3618 nocentes
410 3559 574 3620 confiteris.

321 3638 441 3719 Tertio,
470 3641 552 3720 quod
580 3648 682 3703 autem
709 3642 787 3703 haee
815 3643 896 3703 facta
925 3644 986 3703 sint
1013 3642 1100 3718 (licet
1127 3648 1158 3701 tu

239 3738 302 3778 non
325 3720 449 3799 credas)
474 3725 561 3785 testis
585 3731 633 3784 est
654 3731 720 3785 tota
737 3731 827 3802 terra,
849 3732 944 3787 testes
957 3730 989 3786 et
1000 3730 1158 3787 exstantes

239 3800 317 3864 libri.
357 3799 415 3874 Qui
437 3810 540 3863 autem
561 3805 594 3864 id
612 3805 750 3886 feceriut,
771 3809 829 3888 ipsi
850 3807 990 3870 viderint.
