2600 4300
214 316 278 384 454
383 317 470 388 Epist
491 317 523 372 D.
543 318 621 372 liert.
640 320 720 375 Loth.
742 319 776 372 sd
794 321 914 375 Leonem
931 316 965 374 1.

215 507 276 572 quo
298 489 472 569 intelligent
493 494 525 547 et
544 495 742 568 moveantur,
776 496 809 550 ut
838 489 1012 552 &munem
1041 488 1134 550 eucle-

213 579 289 638 siem
325 591 401 652 pure
419 606 425 623 ι
443 570 564 648 colant,
606 578 638 631 et
674 591 736 632 non
772 573 894 634 illorum
931 573 1134 634 tomeriteiem

213 659 284 718 hnic
304 658 471 734 imputent,
504 673 604 732 neque
632 675 731 715 meam
760 657 957 734 asperitatem
981 656 1138 716 imitentur

122 733 127 741 ’
214 741 362 801 adversus
384 737 557 813 Romanum
580 737 764 816 ecclesiam,
798 758 859 818 quc
880 751 939 820 ego
961 755 1038 799 usus
1061 753 1136 815 suut,

213 826 276 884 imo
303 821 433 895 mosne,
473 827 505 880 et
527 823 646 880 excessi
675 821 823 882 adversus
846 822 1029 883 Beletrcnus
1052 823 1136 898 istos,

215 909 241 967 si
259 923 320 987 quc
342 902 465 964 tandem
489 905 587 984 gretie
602 903 669 981 Dei,
691 904 740 963 vel
762 924 800 966 co
823 904 923 967 studio
945 919 1067 968 rursum
1091 917 1137 966 oo·

214 992 272 1071 piri
302 993 395 1068 queat
423 988 557 1046 excitate
589 986 752 1048 discordie.
784 988 863 1048 Nem
894 990 1017 1048 unicum
1045 1004 1067 1049 e
1088 1004 1137 1048 rne

195 1073 386 1154 -quaeaitum
408 1076 465 1147 est,
487 1071 686 1130 necveritice
707 1071 826 1132 eliense
848 1071 998 1132 foeditate
1019 1071 1136 1152 pollue·

215 1163 299 1217 retur
330 1153 464 1214 ecclesie
484 1153 626 1214 Romane
647 1162 745 1213 meter
765 1160 887 1231 nostre,
919 1173 1002 1214 neve
1029 1153 1135 1235 populi

213 1239 432 1300 seducerentur
452 1237 483 1295 in
496 1255 641 1313 errorem,
666 1242 698 1296 et
708 1239 867 1298 ceritatem
883 1236 1040 1298 discerent
1053 1245 1136 1318 poet·

213 1321 327 1384 hebere
350 1319 563 1400 indulgentiis.
595 1319 706 1380 Cetera
734 1321 846 1396 omnio,
869 1327 902 1380 nt
923 1327 996 1381 sunt
1017 1326 1136 1382 neutru-

213 1405 264 1482 lio,
286 1423 306 1464 o
328 1421 377 1463 me
398 1401 487 1462 vilius
509 1403 727 1480 aestimentur,
758 1404 782 1464 si
804 1409 909 1464 eutem
930 1410 962 1464 et
983 1405 1071 1484 pluro
1091 1403 1134 1464 lc«

214 1505 284 1548 cere
306 1492 415 1566 potero
438 1491 492 1544 eut
512 1502 702 1566 cognovero,
723 1487 792 1546 sine
809 1487 901 1548 dnbio
923 1488 1135 1566 pmetioeimus

213 1589 276 1631 ero.
317 1568 452 1630 Christus
497 1574 599 1627 servet
638 1567 862 1630 Beatitudinem
902 1575 986 1630 tuam
1023 1569 1054 1629 in
1085 1580 1133 1628 tte

214 1659 341 1794 umidis
356 1733 557 1813 Aldenburgo
580 1733 628 1793 ΙΙΙ.
651 1733 767 1809 Martii,
789 1733 880 1796 Anno
902 1733 1066 1796 M.D.X1X.

237 1942 241 1948 ’
328 1977 332 1982 ·
443 1942 700 2062 Epistolu*)
737 1941 908 2046 Erusmi

108 2154 112 2163 '
212 2147 261 2209 cd
300 2144 619 2208 illustrissimum
650 2144 688 2205 D.
722 2143 984 2224 Fridericum,
1020 2144 1131 2208 Saxo

503 2229 591 2287 nice
612 2228 759 2289 Ducem
780 2234 838 2289 ete.

213 2364 420 2425 illustrissimo
431 2361 563 2443 Principi
581 2362 749 2439 Friderico‚
769 2362 847 2425 Duci
862 2364 1031 2439 Senoniae,
1051 2359 1131 2426 Sacri

214 2446 333 2527 lmperii
354 2444 510 2522 Electori,
532 2444 679 2507 Erasmus
704 2446 877 2507 celsitudini
899 2454 971 2511 tuce
993 2444 1131 2509 addictis·

411 2529 506 2589 simus
528 2528 657 2589 salutem
679 2548 716 2590 cc
736 2530 922 2593 fecilitelem.
1006 2540 1010 2546 “

299 2683 506 2745 illustrissime
533 2683 696 2765 Princeps,
730 2684 852 2744 temetsi
878 2678 951 2745 mihi
978 2700 1127 2764 nunqnam

268 2894 296 2953 ⁸)
316 2892 451 2948 Redditus
462 2899 505 2947 est
513 2897 605 2945 textus
623 2893 704 2945 huius
716 2892 852 2961 epistolae
861 2907 897 2949 cx
906 2894 988 2962 libro,
1008 2896 1055 2962 qui
1071 2898 1130 2947 ente

214 2962 543 3033 disputetionemLipsioc
555 2965 679 3017 habitem
698 2981 750 3017 nec
768 2965 830 3019 loco
850 2980 900 3019 nec
919 2978 993 3022 enno
1011 2966 1130 3020 indicato

214 3036 287 3105 typis
307 3051 426 3089 excusus
445 3039 474 3089 in
495 3036 594 3104 vulgus
614 3039 681 3089 exiit
701 3042 728 3091 et
746 3039 822 3089 cuius
840 3036 935 3089 titulus
953 3038 999 3093 hic
1017 3042 1074 3097 est:

284 3099 420 3160 Contenta
436 3110 464 3159 in
484 3108 536 3160 hcc
553 3107 662 3161 libello:
682 3108 790 3160 Ercsmi
810 3105 989 3181 Roterodami
1007 3102 1131 3178 Epistola

213 3178 249 3232 cd
267 3178 371 3234 illustr.¹
386 3180 538 3246 Principem
559 3196 591 3233 cc
608 3178 715 3232 Ducem
727 3179 863 3233 Saxoniec
883 3185 934 3234 etc.
953 3173 1128 3237 Fridericnm.

213 3246 368 3305 Positioues
387 3251 504 3302 Joennis
521 3250 601 3303 Eckii
628 3250 816 3304 scholasticae.
844 3252 998 3305 Posidonee
1023 3245 1130 3305 ideriinl

179 3344 189 3361 -·
212 3321 330 3376 cutheni
360 3322 543 3392 theologicae.
573 3321 772 3376 conclusiones
789 3321 918 3375 Andreae
949 3320 1129 3377 comtum-tn

213 3393 397 3463 theologicae.
435 3394 478 3446 Ad
496 3394 638 3446 lectorem.
659 3394 750 3447 Habes
769 3394 834 3461 hic,
852 3394 941 3447 lector
958 3397 1079 3463 optime.
1096 3394 1129 3449 ud

212 3463 352 3517 illustriss.
374 3466 513 3518 saxonice
531 3466 638 3528 ducem,
657 3466 737 3517 Rom.
757 3467 823 3533 imp.
839 3465 1003 3534 electionem„
1015 3466 1129 3523 mideri-
1196 3474 1198 3485 ⁴

214 3548 289 3596 cum,
308 3535 552 3600 prudentissimum
572 3537 738 3604 principem,
761 3536 869 3591 Erusmi
888 3536 1052 3591 Rutetdemi
1069 3554 1128 3607 prn-

213 3598 366 3657 dentissimi
385 3608 527 3674 scriptoris
546 3606 710 3674 epistolem,
739 3622 793 3676 qun
822 3608 864 3661 vir
881 3606 930 3661 ille
947 3624 1012 3663 vere
1025 3608 1128 3663 theolo-

214 3686 266 3737 gus
290 3674 491 3743 benignissimo
522 3678 676 3730 studiorum
700 3674 853 3736 llaecenuli
880 3680 999 3752 primunr
1037 3679 1127 3733 literae

214 3741 343 3796 meliores
362 3760 509 3815 carumque
519 3750 690 3817 professores
711 3744 895 3817 commendet,
915 3744 1127 3805 columnarum

214 3805 335 3865 huam
350 3825 462 3869 eonem
479 3821 575 3885 percis
586 3820 724 3889 ottingene
743 3821 818 3875 inre
832 3821 998 3891 scrupulose
1013 3824 1054 3875 sie
1070 3834 1126 3877 ver·
