2600 4300
232 308 317 375 lto·
468 309 627 380 sppuaso
644 309 673 362 n.
692 309 803 362 uuum
818 307 930 362 nunes

232 481 368 566 apostoli
381 479 468 542 Pauli
491 497 570 560 opus
592 477 735 538 habuerit
755 477 876 558 corrigi,
898 483 933 538 ut
952 474 1161 538 adflatura-2.

232 565 382 626 soi-ibitur.
440 561 509 638 Quo
538 561 731 622 nobilissimo
759 560 904 640 exemplo
933 579 990 640 per
1018 559 1160 640 spiritum

233 655 374 710 sanetum
395 648 427 706 in
450 645 583 705 ecelesia
604 649 777 704 monstrato
797 650 840 703 ·et
870 644 901 704 in
931 643 1028 703 literis
1057 659 1162 703 sacra-

231 732 357 793 tissimis
378 729 489 790 relicto
509 727 618 788 fideles
637 726 748 787 Christi
771 726 926 786 erudimur
957 733 990 786 et
1010 727 1087 786 certi
1110 745 1160 784 su-

234 815 320 890 mus,
348 812 430 892 quod
461 813 488 871 si
517 812 585 890 quis
612 829 749 870 summus
781 810 922 889 pontifex
943 809 1053 870 eadem
1077 809 1163 868 Petri

231 898 279 958 vol
311 896 403 956 simili
429 893 606 954 infirmitate
637 893 741 973 lapsus
777 892 847 972 quid
880 894 1076 972 praeceperit
1108 891 1164 952 vel

232 980 414 1055 decreverit,
434 977 521 1056 quod
543 983 652 1037 contra
664 975 768 1036 divina
789 975 900 1037 militet
913 976 1071 1054 mandata,
1094 994 1163 1034 non

234 1063 335 1124 solnm
358 1060 564 1123 obediendum
588 1061 616 1120 ei
637 1079 701 1119 non
724 1077 810 1134 esse,
834 1079 940 1119 verum
971 1061 1064 1120 etiam
1089 1077 1163 1118 cum

234 1145 380 1226 apostolo
403 1143 498 1204 Paulo
520 1144 550 1202 in
573 1142 684 1202 faciem
706 1144 734 1201 ei
757 1144 857 1202 resisti
879 1161 992 1222 posse,
1019 1143 1086 1204 imo
1109 1141 1163 1202 de

232 1229 316 1305 bere,
340 1247 377 1288 ao
398 1227 483 1286 velut
503 1245 559 1306 per
579 1225 726 1286 inferiora
754 1225 890 1286 membra
917 1224 1089 1286 infirmitati
1112 1244 1164 1286 ca·

232 1313 304 1392 pitis
325 1312 378 1390 pia
398 1310 492 1369 totius
524 1309 663 1388 corporis
692 1307 899 1368 sollicitudine
930 1310 1075 1370 succurri.
1114 1309 1165 1369 slot

232 1397 264 1465 in
288 1395 378 1454 huius
401 1392 534 1472 exempli
555 1397 750 1476 praesentem
780 1406 818 1451 ae
838 1398 1019 1472 perpetuam
1042 1409 1164 1454 memo

232 1479 308 1538 riam
339 1495 402 1537 non
434 1477 501 1535 eine
527 1474 675 1554 singulari
697 1474 754 1534 Dei
785 1475 915 1535 oonsilio
939 1476 1055 1536 sactum
1079 1493 1163 1552 esse,

233 1579 296 1621 non
324 1559 454 1620 obscure
483 1557 680 1638 intelligitur,
709 1563 742 1616 ut
772 1576 833 1618 non
862 1553 961 1618 solum
984 1557 1015 1620 S.
1039 1557 1163 1636 Petrus

235 1643 406 1704 sed-etiam
427 1641 569 1701 salutaris
592 1642 658 1700 eius
680 1641 884 1720 reprehensor
895 1641 1007 1700 Paulus
1031 1648 1163 1703 sanotae

234 1727 394 1787 Romanae
417 1724 569 1798 ecclesiae
590 1724 677 1782 iuxta
704 1729 736 1783 et
769 1723 859 1782 simul
879 1725 1162 1802 patrocinarentur,

235 1815 267 1869 et
286 1814 483 1888 praeessent,
511 1825 551 1866 ne
573 1806 692 1866 scilicet
720 1806 821 1866 solum
842 1806 953 1886 literis,
983 1806 1039 1868 sed
1063 1810 1190 1868 sensi.

234 1890 286 1952 bili
310 1909 434 1970 qnoque
454 1895 656 1950 monumento
679 1888 767 1949 huius
790 1909 908 1950 summe
930 1892 1101 1951 necessarii
1125 1909 1163 1952 ae

234 1973 425 2034 saluberrimi
447 1971 581 2052 exempli
602 1971 726 2031 assidue
759 1991 969 2052 moneremur,
1005 1980 1068 2034 tam
1092 1975 1163 2055 ipsa

186 2081 208 2094 ν
236 2059 347 2138 capita,
373 2075 464 2134 quam
488 2074 545 2115 nos
559 2055 705 2114 membra.
741 2053 832 2129 Quod
854 2057 880 2114 si
902 2075 962 2135 qua
983 2058 1162 2135 potentium

224 2141 265 2223 xvi
287 2145 422 2201 armatus
452 2144 569 2198 tantum
592 2137 813 2218 praevaluerit,
845 2144 878 2199 ut
903 2139 1003 2200 resisti
1035 2141 1064 2201 ei
1095 2160 1161 2202 non

235 2225 349 2305 possit,
382 2242 474 2281 unum
508 2228 590 2281 certe
617 2220 692 2281 illud
720 2220 910 2303 praedictum
940 2220 1161 2303 appellationis

236 2306 405 2367 remedium
423 2305 573 2381 reliquum
596 2309 652 2378 est,
675 2322 736 2382 quo
760 2306 900 2385 oppressi
920 2306 1106 2368 releventur.

319 2388 368 2450 Ad
389 2387 473 2467 quod
501 2392 613 2467 elego
634 2386 740 2447 Frater
762 2387 908 2447 Martinus
929 2388 1043 2449 Lutlrer
1068 2408 1158 2471 prae·

236 2472 335 2533 dictus
356 2471 450 2531 modo
479 2477 510 2530 et
531 2470 636 2530 animo
671 2469 835 2549 praedictis
864 2471 1045 2552 confugiens
1087 2474 1159 2534 dico

149 2563 152 2569 '
236 2561 268 2616 et
289 2572 442 2635 propono,
464 2552 629 2633 quodcum
652 2550 758 2631 diebus
772 2553 979 2633 superioribus
993 2554 1157 2637 indulgen·

235 2640 297 2699 tiae
319 2657 339 2697 a
354 2636 536 2716 quibusdam
549 2636 768 2697 commissariis
797 2634 849 2717 (ut
863 2637 1058 2719 asserebant)
1084 2658 1159 2719 apo·

236 2721 353 2781 stolicis
391 2719 642 2780 indiscretissime
673 2718 924 2798 praedicarentur
960 2721 991 2780 in
1026 2723 1158 2801 regione

235 2811 342 2864 nostra
371 2802 543 2881 saxoniae,
578 2800 658 2861 adeo
693 2807 727 2861 nt
753 2801 793 2861 ad
820 2804 1015 2883 exsugendas
1049 2805 1158 2886 populi

234 2886 382 2967 pecunias
403 2887 575 2965 inciperent
594 2883 743 2960 absurda,
770 2884 955 2964 haeretica,
976 2886 1159 2968 blasphema

236 2968 385 3051 quaedam
398 2967 586 3049 praedicare,
606 2968 639 3027 in
663 2966 875 3029 seductionem
886 2970 1056 3030 animarum
1080 2969 1154 3033 fida·

234 3052 307 3112 lium
331 3061 364 3117 et
383 3070 533 3113 summum
552 3047 716 3111 ludibrium
741 3051 971 3113 ecclesiastieae
988 3056 1156 3133 potestatis

234 3135 416 3217 praesertim
436 3133 476 3194 de
497 3140 651 3214 potestate
682 3150 782 3214 papae
808 3136 839 3194 in
861 3134 1090 3216 Purgatorium,
1123 3144 1156 3197 ut

189 3246 193 3252 ¹
236 3219 374 3281 mutiunt
394 3235 499 3277 eorum
522 3213 653 3295 libellus,
676 3217 726 3296 qni
743 3218 907 3278 summaria
927 3220 1078 3281 institut-io
1101 3238 1152 3282 vo·

234 3305 336 3377 satur,
368 3307 570 3373 oumtamen
593 3307 712 3360 certum
750 3301 790 3360 sit
818 3318 858 3360 ex
879 3319 906 3362 o.
938 3301 1155 3385 Abusionibus,

234 3399 346 3465 papam
367 3402 430 3447 non
460 3382 575 3442 habere
606 3400 746 3462 prorsum
777 3382 872 3443 ullam
897 3391 1095 3463 'potestatem
1124 3387 1154 3445 in

234 3466 460 3545 purgatorium,
482 3464 593 3525 deinde
615 3484 677 3525 una
705 3465 798 3525 totius
813 3465 971 3527 *ecelesiae
1006 3469 1156 3539 sententia

240 3548 435 3624 omniumque
470 3546 631 3607 doctorum
662 3564 817 3609 consensu
854 3544 1065 3630 indulgentiae
1096 3552 1154 3611 sint

238 3625 324 3702 nihil,
346 3629 410 3686 nisi'
425 3629 622 3690 remissiones
646 3630 864 3691 satisfactionis
886 3633 1114 3711 poenitentialis
1136 3630 1153 3691 'a

241 3722 296 3763 suo
317 3707 417 3767 iudice
437 3710 616 3789 impositae,
644 3718 677 3771 ut
699 3718 746 3771 est
767 3712 869 3775 clarus
891 3720 993 3777 textus
1015 3734 1041 3777 c.
1064 3714 1151 3791 Quod

240 3789 352 3864 autam,
372 3790 540 3852 satisfactio
562 3798 665 3853 autem
688 3794 922 3875 poenitentialis
937 3797 983 3861 ab
1011 3798 1150 3860 ecclesia-
