2600 4300
407 362 444 423 tle
457 371 557 423 virtuts
572 368 819 439 indulgentiarum.
1013 353 1075 432 229
1157 332 1182 363 ,-

151 535 267 597 renlis«
305 536 440 599 Primum
476 537 662 619 pauperibus
694 544 726 597 et
758 538 866 618 egenis
904 530 1074 600 subvenite.

149 614 249 697 llaec,
271 622 414 701 iuquam,
438 628 471 682 et
492 617 604 681 similia
625 628 686 681 tam
709 621 776 701 pia,
807 622 1011 703 religioso¹),
1044 630 1076 683 et

149 708 258 763 sancte
277 704 341 765 illis
362 704 573 781 narrantibus,
593 705 743 783 insipiens
765 703 876 785 vulgus
905 722 997 767 novo·
1022 702 1074 767 mi

148 785 255 847 recolo
277 787 482 863 subversus2)
508 787 603 867 louge
622 787 686 856 alis'
705 786 799 862 audit,
822 788 940 848 seilicet
961 788 1053 849 haec:

230 868 260 931 0
281 889 341 931 vos
361 872 538 931 insensatos
559 878 591 929 et
612 870 707 930 crassi
730 869 833 931 cordis
848 870 1000 948 homines,
1023 866 1074 933 ne*-

147 954 212 1015 stirs
234 972 336 1035 prope
358 952 490 1024 similes,
522 954 574 1033 qui
598 972 661 1013 non
685 954 841 1032 percipitis
863 960 980 1014 tantam
1002 952 1074 1014 ellu-

148 1036 268 1097 sionem
299 1038 476 1118 gratisrum.
531 1034 579 1097 En
611 1036 732 1096 coelum
768 1036 903 1116 undique
936 1032 1074 1117 apertum

147 1136 230 1179 nnnc
253 1127 318 1194 est,
350 1120 376 1179 si
398 1135 481 1179 nunc
502 1137 564 1179 uon
586 1119 697 1195 intres,
731 1119 855 1199 quando
877 1136 1011 1199 unquam
1032 1122 1075 1180 in-

146 1200 269 1262 trabis?
303 1202 351 1263 En
383 1210 430 1263 tot
456 1203 588 1282 potestis
613 1201 766 1261 redimere
799 1204 926 1265 enimes.
970 1202 1076 1277 Oros

146 1284 259 1363 doros,
295 1284 431 1362 doros·³)
455 1293 486 1346 et
513 1282 722 1365 negligentes,
750 1284 914 1345 duodecim
943 1285 1076 1349 denariis

146 1377 267 1448 patrem
291 1369 455 1429 extrahere
473 1376 586 1447 potes,
608 1374 640 1427 et
661 1378 721 1429 tem
744 1368 882 1448 ingratus
903 1370 1023 1448 parenti
1044 1370 1074 1429 in

147 1452 241 1510 tantm
263 1453 385 1532 poenis·
398 1468 461 1511 uon
484 1450 657 1511 socom-ris?
695 1450 764 1530 Ego
786 1452 913 1511 sanein
936 1458 1075 1513 extremo

147 1532 263 1594 indicio
288 1542 455 1596 excusatus
477 1551 554 1607 som,
575 1534 696 1613 vosque
709 1534 807 1614 magis
825 1535 970 1611 accusati,
993 1534 1075 1614 quod

147 1622 266 1676 mntem
290 1617 489 1697 neglexeritis
507 1617 647 1677 salntem.
683 1616 761 1676 Dico
776 1616 840 1693 tibi,
863 1618 888 1676 si
913 1617 961 1677 vel
984 1636 1075 1679 unam

147 1699 248 1759 solam
270 1702 407 1760 tunicam
428 1698 526 1760 habes
535 1697 588 1779 ⁴),
622 1699 704 1759 hanc
736 1716 859 1779 quoqne
893 1700 1076 1777 exuendam,

148 1788 179 1841 et
200 1781 569 1859 dismbendnmdudico,
591 1789 624 1842 ut
645 1788 746 1843 tentas
768 1784 881 1863 gratias
904 1782 1055 1847 obtineas.

229 1864 310 1926 Tum
341 1884 416 1927 rero
446 1865 501 1926 obi
529 1873 655 1925 ventum
690 1864 780 1926 fuerit
811 1865 851 1925 ad
880 1865 1076 1943 oblocutores

149 1949 279 2027 gratim
301 1954 372 2009 oum
392 1948 437 2009 llll
449 1967 550 2009 meras
567 1946 799 2031 benedictiones
813 1948 962 2009 inundent
974 1952 1076 2025 etiem,

150 2038 211 2091 stat
230 2037 368 2093 tremens
390 2032 519 2113 vulgos,
541 2031 715 2092 stenelum
736 2032 882 2091 ruiturum
906 2050 944 2092 sc
965 2039 1075 2093 terram

150 2114 301 2176 hietoram
324 2114 485 2193 formidat,
517 2114 612 2196 louge
632 2114 773 2195 peiores,
796 2132 891 2195 quam
912 2114 1076 2176 infernales

150 2217 269 2278 poenas
290 2199 349 2260 sibi
372 2200 487 2259 minari·
501 2198 601 2276 audit,
624 2205 658 2258 ut
679 2217 783 2258 vemm
805 2199 884 2259 forte
906 2199 961 2277 sit,
984 2194 1076 2284 quod,

152 2281 202 2341 ubi
222 2281 268 2341 illi
291 2281 499 2349 maledicunt,
522 2281 606 2342 Deus
628 2281 783 2342 benedicit
805 2299 911 2342 eorum
933 2279 1077 2342 maledic-

151 2363 296 2442 tionibus,
319 2372 360 2443 et,
382 2365 434 2425 nbi
456 2363 658 2441 benedicunt,
680 2364 763 2424 Deus
794 2364 956 2425 maledicit.
999 2364 1077 2424 Nem

152 2465 212 2527 qun
233 2448 284 2507 vis
305 2446 372 2507 lieri
394 2450 536 2528 potest⁵t
561 2447 683 2524 alia⁶),
722 2455 755 2507 ut
781 2447 825 2508 illi
859 2447 984 2507 audient
1016 2455 1076 2507 tem

153 2530 254 2590 aliena
274 2527 315 2591 ab
336 2531 390 2606 iis,
412 2546 492 2610 qnae
511 2531 561 2590 isti
584 2529 772 2609 loquuntur?
800 2529 862 2592 Sed
889 2547 947 2590 nec
974 2532 1079 2590 omnia

153 2612 256 2692 oredo,
278 2631 360 2693 qnae
379 2613 513 2694 populns
534 2613 649 2694 passim
672 2631 741 2674 sese
754 2613 877 2674 audisse
898 2612 982 2690 dicit,
1004 2612 1077 2676 allo·

154 2696 225 2774 quin
245 2696 414 2769 haeretica,
435 2697 540 2776 impia,
562 2695 745 2774 blasphema
766 2695 826 2756 illis
840 2695 971 2774 etiami)
990 2713 1075 2776 prae-

155 2777 255 2840 dicato
275 2786 426 2860 potarem.
483 2806 487 2814 ·
818 2816 823 2828 ·
920 2795 925 2816 ·

233 2860 305 2922 Noa
341 2861 435 2922 oredo
470 2879 576 2921 verum
606 2879 692 2936 esse,
726 2859 808 2938 quod
842 2877 919 2920 unus
955 2861 1075 2921 illorum

155 2943 309 3022 prohibuit
330 2943 397 3005 fleri
409 2946 572 3023 exsequias
589 2943 813 3017 defunctorum,
836 2949 866 3002 et
881 2943 1075 3004 sacerdotum

156 3026 410 3105 reiectionem),
432 3027 487 3088 sad
512 3028 611 3107 magis
633 3033 665 3085 ut
688 3025 883 3105 imponerent
903 3027 933 3085 in
957 3027 1075 3100 cistam,

158 3111 204 3188 qui
232 3112 398 3190 exsequias
440 3117 472 3170 et
503 3111 612 3169 missas
645 3109 877 3189 parentaliaqtre
916 3109 1075 3176 vellent')

157 3210 311 3274 peragere.
355 3189 492 3274 Populus
513 3194 591 3253 haec
619 3192 712 3251 etiam
742 3189 838 3272 lingit.
890 3191 958 3252 Non
982 3189 1075 3252 credo

412 3359 576 3370 --.------

223 3447 251 3509 t)
271 3447 302 3499 In
329 3445 372 3500 ed.
390 3447 464 3500 len:
491 3455 518 3499 et
546 3445 687 3516 religiose.
725 3443 758 3512 2)
782 3443 868 3498 Ibide
899 3411 1073 3496 subversum.

159 3517 422 3584 ltlbid.:0duri,
442 3517 511 3569 duri.
548 3517 580 3571 lt
604 3515 831 3572 lbtdzhaberea.
868 3514 1075 3582 bilbili-:pon
1185 3513 1190 3526 '

159 3593 197 3642 sit
233 3591 267 3655 t)
287 3589 359 3654 Edit.
380 3589 440 3642 an.
460 3593 506 3642 sic'
517 3591 620 3657 pergit:
640 3588 730 3640 atilli
750 3595 805 3640 tam
821 3589 912 3642 aliena
927 3587 1077 3656 loquantur

161 3663 260 3723 sb‘his,
278 3677 352 3730 quae
372 3660 496 3725 endinnt,
517 3661 579 3727 qnia
598 3661 688 3728 possit
705 3660 881 3728 intelligere?
900 3659 978 3712 Unde
997 3661 1075 3721 istse,

160 3746 267 3800 quaeso,
286 3735 435 3787 verborum
455 3734 571 3786 larvae?
600 3732 655 3783 Sed
685 3747 735 3784 nec
758 3733 853 3785 omnis
872 3737 964 3784 tamen
984 3727 1076 3797 credo,

160 3820 224 3873 qnae
244 3810 297 3858 etc.
343 3803 374 3863 ‘lt
394 3803 496 3857 Ined.
514 3803 575 3856 len.
594 3803 685 3856 deest:
712 3803 804 3854 etiem.
846 3800 882 3869 ἰ8)
903 3805 932 3854 Ιιι
952 3801 1075 3875 eddon.

161 3875 270 3946 legitnrt
287 3877 489 3930 invitationem.
526 3875 558 3937 9)
577 3871 662 3926 ibid:
682 3871 771 3926 vellet.
967 3880 971 3888 ·
1039 3867 1061 3902 ‘¹
