2600 4300
221 329 264 402 16
474 334 632 405 Responsio
652 337 686 392 Ι).
705 337 784 393 Murt.
804 335 915 392 Lutheri

222 529 243 570 a
260 507 424 571 flnlvotore
444 507 594 570 intentum
616 505 732 568 hahere
754 525 888 586 sensum,
910 503 1037 583 suilioet,
1060 491 1150 582 quod

223 593 322 654 omnis
354 590 704 669 interiorpoeuitentie
738 597 883 672 operatur
914 589 1014 650 varies
1042 587 1148 646 onmis

217 672 474 744 mortificationes·
496 673 640 751 exterius,
662 671 694 734 id
717 681 773 752 est,
795 693 851 753 pro
869 673 940 734 loeo
959 677 990 732 et
1003 678 1149 750 tempore

223 764 281 822 eto.
324 755 447 819 Gratius
468 755 686 836 ego-taudem,
708 757 780 834 quin
801 755 941 818 defendis
965 773 1022 818 me.
1073 803 1079 806 .

217 883 220 888 -
303 839 362 899 Hio
382 838 607 901 oouoordamus
629 837 835 918 aliquantum,
865 839 921 900 sed
950 855 1069 898 rursum
1099 855 1149 895 re-

220 929 315 1003 pente
336 921 499 998 dissentis,
521 921 644 985 diceus:
688 921 747 984 Hie
768 928 871 982 autem
894 939 1003 983 sensus
1026 918 1080 978 tibi
1104 919 1148 976 vi-

222 1005 310 1074 detur
330 1003 540 1084 impossibilis.
582 1003 640 1064 Hie
662 1023 737 1084 ego:
771 1005 838 1066 Tibi
860 1005 981 1066 videtur
1000 1003 1147 1080 impossi-

221 1088 308 1167 bilis,
337 1088 409 1148 mihi
431 1106 505 1148 vero
528 1095 660 1148 estnon
683 1095 800 1148 tentum
823 1087 995 1168 possibilis,
1029 1083 1085 1144 sed
1113 1091 1178 1149 et.

219 1174 325 1240 inesse
345 1189 482 1251 semper,
511 1177 546 1230 ut
574 1171 773 1250 peripetetiee
796 1178 897 1232 tenum
920 1171 1042 1250 loquar,
1071 1168 1150 1245 quia

223 1256 328 1316 omnin
348 1255 419 1315 iusti
440 1272 537 1332 opero
558 1260 630 1314 sunt
650 1255 916 1332 poenitentiam),
938 1253 971 1312 id
996 1258 1058 1330 est,
1080 1263 1149 1309 mu-

222 1339 354 1399 tationes
392 1343 424 1397 et
449 1337 671 1398 renovationes
701 1336 740 1396 de
773 1335 823 1397 die
853 1338 885 1398 iu
915 1337 1005 1399 diem.
1058 1332 1151 1392 Haee

220 1428 325 1489 autem
347 1435 412 1484 nou
434 1419 595 1498 possibilia
616 1417 721 1498 modo,
744 1419 798 1480 sed
821 1419 997 1480 neeessaris
1018 1435 1148 1496 quoque

223 1512 311 1581 sunt,
335 1503 393 1563 nisi
415 1503 457 1562 sis
480 1501 520 1562 de
541 1503 712 1582 nonaginta
734 1521 845 1564 novem
868 1504 973 1580 iustis,
997 1501 1049 1578 qui
1070 1517 1150 1579 poe·

224 1586 354 1648 nitentia
375 1605 438 1645 uon
459 1585 608 1666 indigent,
630 1592 684 1648 aut
705 1586 806 1646 sooius
819 1585 985 1662 Pharisaei,
1007 1583 1058 1662 qui
1080 1600 1149 1640 non

224 1677 272 1732 est
299 1671 380 1731 siout
407 1670 503 1729 oeteri
529 1669 696 1730 hominum.
740 1668 819 1728 Nam
840 1687 898 1732 nos
921 1687 990 1728 oum
1013 1665 1152 1736 eeclesia

222 1753 433 1833 congemimus
469 1750 676 1829 assidue‚**):
720 1751 829 1814 Erravi
858 1753 937 1812 siout
964 1751 1031 1810 ovis
1064 1767 1151 1826 quae

218 1837 328 1916 periit,
361 1854 473 1914 quaere
502 1853 624 1896 servum
657 1841 752 1896 tuum.
804 1834 845 1894 Et
879 1853 948 1894 oum
977 1831 1149 1912 publioauo

220 1939 331 1982 voeem
353 1920 476 1978 turturis
498 1936 661 1978 sonamus:
702 1917 785 1978 Deus
806 1913 957 1997 propitius
980 1922 1047 1978 esto
1070 1913 1151 1974 mihi

221 2003 388 2083 peeeuteri.
436 2001 477 2060 Et
504 2019 572 2062 oum
605 1999 703 2062 Hiob:
732 2000 881 2060 Veremur
911 2000 1015 2062 omnio
1047 2016 1152 2076 opere

222 2092 346 2178 nostru>
361 2092 405 2147 et:
432 2085 559 2149 Dimitte
581 2083 671 2144 nobis
693 2082 796 2144 debita
817 2089 932 2161 nostra,
956 2101 1025 2144 eum
1047 2080 1151 2140 omni-

193 2170 279 2233 ‘bus
302 2168 588 2246 Sancusdieimus,
620 2186 683 2227 non
711 2167 810 2229 solum
832 2166 943 2244 verbo,
973 2164 1028 2225 sed
1049 2162 1151 2225 eorde

222 2261 370 2333 stupere.
398 2251 528 2331 Semper
543 2252 626 2311 enim
648 2251 680 2309 in
702 2251 812 2311 timore
823 2250 881 2311 Dei
902 2250 1031 2329 agimus,
1054 2248 1152 2307 timor

221 2344 323 2397 autem
338 2336 521 2415 principium
534 2340 583 2395 est
597 2334 767 2414 sapientise
777 2332 866 2413 Μ),
887 2331 919 2393 id
936 2340 993 2411 est,
1015 2330 1150 2391 mutatio

222 2419 262 2481 de
290 2419 468 2497 insipientia
494 2418 534 2478 ad
543 2418 761 2496 „sapientiam
795 2435 875 2495 quse
904 2423 951 2475 est
984 2414 1152 2475 verissime

221 2502 424 2583 poenitentia
471 2502 573 2564 Factis
600 2499 737 2560 ostendit
765 2518 799 2559 se
828 2518 891 2559 non
918 2517 1010 2578 egere
1038 2496 1151 2577 poeni-

221 2586 318 2648 tentis
341 2582 404 2667 (eit
423 2582 633 2661 Bernnrdus),
661 2583 712 2661 qui
739 2601 802 2643 nou
832 2579 955 2642 assidue
976 2579 1016 2641 ad
1040 2580 1150 2659 poeui-

222 2670 349 2729 teutiom
386 2667 520 2733 festinet.
578 2666 676 2726 Tuam
714 2670 816 2727 tumen
855 2660 1042 2725 sententiam
1079 2680 1149 2723 non

221 2750 345 2830 damno,
367 2752 419 2829 qui
440 2768 504 2810 non
524 2750 638 2810 novisti
658 2748 760 2827 sliam,
784 2767 875 2826 quem
889 2745 1150 2809 sacramentalem

219 2834 305 2897 illam
328 2841 360 2893 et
380 2834 485 2893 neseio
508 2839 623 2912 quanto
647 2836 786 2911 tempore
808 2830 958 2891 duntaxat
971 2829 1147 2889 durantem.

220 2918 287 2979 Nos
307 2936 367 2984 neo
387 2916 563 2977 continuem
589 2916 680 2976 istam
710 2932 832 2994 semper
860 2914 910 2993 agi
932 2932 951 2973 a
972 2910 1062 2973 nobis
1086 2930 1148 2991 pro

219 3000 326 3070 ‚debito
348 3000 490 3061 dolemus
512 3009 544 3061 et
564 2997 761 3075 eonfitemur,
794 2996 865 3059 ideo
899 3003 930 3057 et
950 2996 1150 3075 poenitemus

222 3084 313 3145 simul
334 3091 365 3143 et
385 3103 448 3143 non
470 3083 664 3162 poenitemus
687 3083 770 3142 satis.

303 3166 404 3246 Haeo,
432 3185 526 3246 rogo,
558 3164 775 3226 verbosissime
798 3183 817 3223 a
839 3182 888 3223 me
919 3165 1049 3223 treetato
1070 3160 1151 3222 boni

223 3248 379 3328 eonsules,
399 3251 471 3329 quin
492 3249 700 3309 neeessarium
721 3248 777 3307 fuit
789 3246 954 3309 ostendere
971 3245 1033 3323 tibi,
1051 3263 1148 3323 quam

220 3334 296 3395 nihil
318 3352 404 3396 mens
426 3334 597 3413 positiones
620 3349 764 3410 caperes,
797 3336 828 3389 et
863 3348 953 3407 quam
976 3329 1087 3389 frustra
1107 3346 1151 3387 ex

221 3423 285 3479 tem
312 3416 439 3481 infirmis
472 3415 630 3495 principiis
657 3420 754 3475 totum
783 3412 865 3475 huno
892 3411 1055 3491 Dialogum
1094 3409 1150 3472 de-

216 3500 356 3570 duxeris.
412 3499 494 3561 Nihil
524 3498 615 3559 video
645 3496 785 3557 relietum
812 3496 843 3557 in
874 3494 1023 3575 Dialogo,
1062 3492 1150 3572 quod

223 3669 638 3711 *ἐμ-...θη

296 3780 326 3844 ’1
347 3776 447 3830 Omnia
463 3777 529 3829 iusti
547 3789 634 3842 opero
647 3777 712 3825 sunt
724 3771 919 3839 poenitentiae.
959 3763 1006 3832 “t
1030 3768 1071 3819 Ps.
1085 3766 1148 3820 119.

222 3850 286 3905 Yne.
308 3850 349 3907 17.
386 3848 458 3902 Hiob
477 3848 503 3906 9.
541 3844 720 3911 *²⁸thsuitn
744 3845 801 3895 111.
