2600 4300
391 291 547 347 osum
563 290 808 361 uouemere.
998 282 1062 351 219

154 459 267 521 doum.
311 460 403 522 Dioat
422 480 499 543 ergo
519 462 578 540 qui:
592 467 706 542 uomet,
725 458 884 539 quomodo
905 456 1064 537 indulgen

152 544 204 603 tiae
217 541 424 625 suffragantur
442 545 514 623 illis,
535 544 566 605 id
592 552 660 623 est,
682 544 878 603 remissiones
900 552 1063 617 sanonum,

150 626 201 685 risi
225 644 289 688 nan
310 633 430 687 tanturn
451 627 659 708 indulgentias
677 627 832 706 largiatur,
855 626 916 685 imo
939 622 1062 683 illisve

149 707 237 767 latin
258 708 558 788 superabundantem
568 708 812 771 oautelsmdstis
828 706 897 782 (vel
918 705 989 786 ut1)
1012 722 1062 765 so·

151 789 211 849 lent
230 792 320 851 etiam
343 794 457 853 mortui
477 792 597 853 absolvi
618 793 649 853 iu
671 792 749 851 lasis
772 790 952 867 eeclesiae),
974 786 1063 849 simul

150 872 280 933 involvat
300 874 383 935 ultra
401 874 609 955 indulgentias
630 874 870 955 applicationem
886 873 1062 932 meritorum

151 955 303 1051 eeclesiae.
338 956 379 1017 Et
406 963 480 1017 tune
502 961 585 1018 aede
606 958 637 1031 ²]
669 956 881 1037 indulgentiae
901 974 964 1015 uon
988 952 1065 1013 liunt

149 1036 463 1264 iiinffliissi’miiuif
466 1060 501 1182 ‘s
512 1036 1062 1200 ldtlsrllllldllsl21⁰3&

149 1221 166 1281 p
187 1221 244 1263 ean
294 1250 303 1265 .

499 1333 577 1394 Diuo
599 1334 704 1394 tertio:

226 1447 271 1512 De
292 1447 438 1511 thesauro
461 1451 636 1511 maritorum
649 1448 761 1511 Christi
783 1456 815 1513 el
835 1454 1010 1509 sanatorum
1023 1443 1062 1507 ad

150 1530 354 1590 remissionem
378 1551 547 1611 poenarum
563 1533 718 1613 applicato
732 1532 832 1595 disan
856 1530 935 1591 iufra
955 1530 986 1589 in
1008 1544 1064 1589 sus

150 1612 343 1674 conclusione
364 1615 414 1677 58.
437 1613 532 1677 Vides
547 1634 621 1697 ergo
637 1634 728 1695 quam
750 1616 810 1674 sint
831 1613 936 1674 omnia
957 1610 1063 1671 obseu-

150 1694 263 1789 rissima
290 1703 323 1755 et
355 1696 591 1777 dubiosissima,
622 1696 693 1759 ideo
723 1696 984 1777 periculosissima
1011 1692 1064 1754 do·

151 1794 214 1837 een.

224 1858 259 1920 Id
281 1880 377 1921 unum
398 1862 469 1924 dieo
491 1863 636 1942 strideo,
660 1860 741 1941 quod
764 1880 846 1942 papa
870 1860 921 1923 lln
937 1856 1001 1919 Cle.
1024 1855 1064 1917 ds

150 1960 214 2020 poa
234 1948 266 2003 et
285 1962 330 2003 re.
352 1963 380 2005 e.
403 1944 629 2024 abusionibus)
661 1944 808 2006 damnare
835 1942 955 2005 videtur
984 1940 1065 2001 hana

152 2025 329 2085 sententiam
351 2026 391 2089 de
412 2027 599 2089 redimendis
633 2026 794 2089 animabus
823 2045 878 2106 per
905 2022 1063 2102 indulgen·

153 2106 213 2183 tias,
233 2106 306 2169 dum
328 2108 418 2171 dicit:
438 2109 567 2172 Animas
590 2109 628 2171 ds
649 2104 894 2192 purgatorioJut
914 2110 1064 2169 asserunt.

153 2189 334 2252 mendaciter
378 2193 558 2271 exuahunt,
597 2194 649 2254 ubi
691 2193 797 2273 glossa
830 2210 921 2271 super
959 2185 1064 2267 verbo,

154 2271 349 2351 mendaciter,
371 2277 462 2354 quis,
483 2278 596 2355 inquit,
621 2285 694 2338 sunt
715 2275 828 2338 iudidio
850 2273 908 2336 Dei
929 2289 1064 2334 reserva

154 2363 204 2414 tae
243 2355 285 2416 Et
304 2356 422 2438 allegat
442 2358 482 2420 ad
504 2359 566 2420 hoo
586 2357 657 2420 dist
679 2358 774 2422 XXV.
800 2358 833 2420 Ο.
868 2355 983 2432 Qualis.
1025 2352 1066 2417 lit
1120 2395 1128 2416 r

155 2443 228 2498 serta
249 2438 324 2500 mihi
346 2440 466 2502 ridetur
488 2449 571 2502 reate
592 2444 715 2504 sentire.
737 2441 816 2504 Nam
837 2441 862 2501 si
884 2457 939 2519 per
960 2435 1065 2498 suffra

154 2518 229 2598 mum
256 2519 462 2601 redimantur,
497 2542 559 2584 non
583 2527 687 2602 ntique
724 2524 861 2602 sequitur
888 2539 940 2582 eas
962 2519 1064 2583 statim

155 2601 294 2682 evolare,
326 2623 391 2666 non
423 2613 471 2667 est
490 2606 572 2666 idem
593 2607 752 2687 suffragari
779 2613 811 2666 et
838 2603 988 2666 redimere
1010 2619 1065 2665 seu

154 2683 284 2748 liberare.
327 2686 433 2766 ltaque
461 2708 521 2768 ego
550 2689 708 2768 hueusque
731 2689 835 2768 sapio,
868 2685 952 2766 quod
973 2683 1064 2745 video

154 2765 352 2848 indulgentias
374 2776 406 2832 at
426 2769 603 2851 suffragium
625 2773 800 2834 meritorum
824 2769 975 2832 eoslesiae
996 2783 1066 2830 esse

155 2845 223 2908 duas
243 2871 293 2912 ras
316 2851 559 2932 diversissimas,
579 2854 708 2916 alteram
732 2856 798 2916 sine
818 2853 916 2914 altera
944 2859 976 2912 et
996 2868 1066 2913 euru

155 2929 243 2992 altera
264 2931 331 2993 dari
351 2942 518 3013 potentem.
541 2937 740 3016 indulgentiis
763 2935 876 2996 suffieit
892 2935 960 2996 sola
981 2939 1066 3017 pote·

156 3020 211 3073 stas
231 3013 385 3096 clavium,
419 3019 486 3079 sine
507 3018 612 3082 addito
634 3019 688 3080 illo
712 3019 869 3096 thesauro,
891 3019 942 3096 qui
964 3024 1066 3078 tamen

157 3103 251 3174 potest
269 3097 354 3176 addi,
374 3100 424 3160 vel
446 3100 531 3164 solus
553 3102 625 3164 dari
661 3102 751 3162 Solus
774 3101 861 3162 datus
884 3101 956 3162 lauit
976 3100 1067 3179 parti·

158 3179 246 3257 sipem
268 3179 431 3260 bonorum,
453 3193 486 3243 nt
506 3186 581 3248 satis
604 3204 697 3265 supra
718 3192 765 3246 est
787 3184 910 3244 dietum.

160 3343 166 3353 ·
231 3261 316 3324 Haeo
337 3266 364 3324 si
385 3274 488 3328 essent
508 3274 591 3328 serta
614 3274 644 3328 et
668 3287 751 3346 vera,
774 3274 960 3346 sequeretur,
983 3263 1066 3342 quod

160 3343 372 3425 indulgentiae,
396 3349 426 3408 in
449 3355 596 3428 quantum
618 3349 711 3427 tales,
734 3369 858 3430 prorsus
883 3347 957 3408 nihil
977 3345 1067 3426 prod·

162 3436 253 3487 essent
274 3429 450 3509 animabus,
478 3433 537 3492 nisi
569 3432 653 3512 quod
686 3451 788 3493 eoram
812 3431 944 3492 enclesis
966 3429 1066 3492 absol·

163 3518 292 3570 verentur
315 3511 362 3585 (id
386 3521 443 3593 est,
465 3498 775 3576 denunoiaretrfess
799 3511 1067 3589 essesbeolutss),

164 3598 208 3652 aut
226 3594 250 3653 si
270 3593 462 3676 prodessent,
483 3615 547 3657 non
567 3596 598 3658 id
616 3596 826 3658 flerstvirtute
846 3598 990 3678 ipsarum,
1013 3595 1066 3658 sed

209 3783 237 3852 1)
256 3783 285 3838 ln
302 3783 442 3840 edient
461 3785 544 3840 velut.
585 3784 614 3853 2)
634 3786 665 3838 ln
683 3783 726 3839 sd.
745 3786 848 3854 prinas
867 3790 967 3841 sertae.
