2600 4300
237 319 300 390 suu
483 321 610 393 smum
626 321 662 376 n.
681 319 792 376 strunt
811 319 923 377 nunes

233 495 377 558 Potertut
409 494 548 576 legitimo
578 492 723 554 libertste
756 511 849 552 unum
878 491 1020 562 verbum·
1034 503 1156 574 respon·

234 579 326 656 disse,
348 593 408 638 uec
429 593 480 637 me
501 579 533 636 in
546 577 681 655 sliquum
695 577 956 636 examinationem
970 574 1055 651 dure,
1076 589 1162 655 prce-v

234 663 355 739 sertim,
383 673 453 721 oum
481 659 700 720 Resolutioucs
731 675 820 718 mess
846 665 953 718 essent
979 655 1106 719 oblstee
1132 665 1187 719 et·

235 742 427 825 significatos
448 757 568 803 summo
579 739 731 816 Pontifici,
753 742 796 800 its
818 748 852 800 ut
872 740 911 801 sd
934 755 987 802 me
1006 740 1087 800 nihfl
1097 755 1157 820 per-

234 829 347 888 liceret
366 827 446 886 haec
467 837 570 900 ceusu,
592 825 652 884 nisi
673 830 707 883 ut
729 829 941 904 exspectarem
964 825 1157 884 sententium.

234 905 313 972 lium
345 910 377 968 in
407 907 563 969 arbitrium
587 907 739 966 ecclesius
776 925 795 966 s
826 923 875 966 uie
896 905 1085 967 trsuslctuur
1104 907 1159 967 iem

234 1005 456 1072 reposueruut,
490 995 523 1050 et
551 999 652 1049 temen
676 989 717 1049 ob
739 990 942 1050 reverentiam
970 988 1161 1050 reverendis·

235 1075 302 1137 simi
313 1073 437 1134 Domini
447 1071 554 1154 Legati
576 1089 684 1151 pessus
707 1091 773 1131 sum
796 1072 876 1132 ultro
896 1071 975 1132 haec
997 1091 1051 1132 me
1074 1073 1160 1132 etiem

235 1157 413 1218 exominsri.
435 1153 506 1216 Non
520 1171 579 1235 ego
600 1153 812 1215 fraudulentus
836 1155 887 1232 tui,
910 1153 966 1215 sed
989 1155 1161 1214 vimiustis-

236 1241 315 1301 tinto
336 1239 447 1299 timore
464 1235 625 1296 declinavi.
646 1234 730 1298 Nihil
751 1255 800 1296 me
816 1237 957 1298 omisisse
978 1237 1088 1316 video,
1110 1239 1162 1297 nisi

235 1333 292 1383 sex
312 1322 388 1382 isius
409 1319 533 1396 literss,
555 1320 726 1380 Revoco.
760 1319 901 1380 Ceterum
924 1319 1093 1399 damnent,
1115 1319 1161 1381 do·

237 1405 343 1484 mut,
377 1405 631 1482 interpretentur,
668 1402 717 1461 vel
750 1402 1026 1463 reverendissimus
1062 1403 1162 1464 Domi·

236 1505 293 1548 uus
314 1485 457 1568 legstns,
479 1484 530 1544 vel
551 1486 629 1564 ipse·
642 1500 778 1544 summus
800 1485 950 1563 Pontifex,
973 1501 1041 1547 uon
1065 1491 1160 1546 sutem

237 1567 342 1630 tirum
366 1567 485 1630 solum:
512 1565 647 1642 Errasti,
677 1567 878 1644 maledixisti,
912 1567 1021 1629 sedin
1047 1569 1162 1648 scriptis

238 1653 362 1732 signent
395 1665 544 1727 errorem,
580 1649 715 1728 probent
749 1647 958 1725 meledictum,
1001 1652 1160 1726 rationem,

238 1751 329 1814 ussus
351 1732 467 1795 hubent
489 1730 544 1810 ¹),
572 1731 717 1809 reddunt,
757 1731 928 1793 dissolvent
949 1732 1127 1813 Scripturas
1146 1753 1162 1794 u

237 1833 288 1876 mc
308 1813 459 1878 inductus.
480 1813 624 1875 Docecnt
644 1816 723 1874 sicut
742 1815 873 1893 luctunt,
898 1816 1009 1877 ‘verbis
1034 1835 1106 1880 sess
1126 1817 1161 1876 ic

238 1899 328 1975 sisse,
348 1899 500 1958 instruunt
520 1895 624 1957 doceri
648 1897 832 1976 cupientem,
855 1904 1033 1978 petentem,
1051 1900 1162 1962 volen-

238 1979 310 2057 lm,
332 1985 576 2060 exspectantem,
598 1991 679 2057 quse
699 1979 881 2040 nec'l'ureus
900 1981 996 2043 homo
1020 1981 1097 2042 milti
1118 1999 1162 2042 ue·

239 2061 407 2145 guret.llbi
428 2060 537 2122 videro
558 2060 646 2121 nlitsr
667 2061 878 2142 intelligendu,
902 2077 994 2144 quum
1014 2064 1162 2140 intellexi,

240 2146 359 2207 sltnne
381 2162 443 2205 uon
465 2160 672 2221 revocavere,
695 2152 727 2205 et
746 2147 915 2225 meipsum
944 2164 1007 2209 nou
1041 2147 1162 2209 ἀοιιιιιι-

238 2244 322 2298 vero,
343 2227 548 2287 illustrissime
563 2226 727 2307 Princeps,
749 2228 972 2291 suncelsisudo
996 2232 1038 2291 sit
1059 2232 1160 2311 prinu

239 2326 320 2391 quse
340 2317 545 2390 persequutus
565 2323 625 2384 ure,
648 2310 786 2391 expellet
808 2330 866 2390 me,
888 2312 1020 2373 obruunt
1045 2315 1161 2375 mcviii

239 2392 433 2455 Academico
451 2397 587 2467 nostroe,
609 2391 743 2471 denique
765 2393 886 2454 coelum
908 2402 939 2455 et
959 2402 1073 2456 terrum
1097 2412 1161 2457 con-

238 2480 287 2536 tro
306 2492 358 2535 me
377 2475 508 2551 invoco,
536 2472 707 2554 perdetque
736 2491 785 2535 me
816 2477 885 2557 ipse
906 2478 1058 2540 Dominus
1081 2498 1160 2539 meus

237 2558 329 2622 lesus
351 2556 497 2617 Οιιιίιιιιι,
519 2554 646 2636 Loquor
666 2562 699 2617 et
720 2576 780 2638 ego
801 2574 842 2619 ex
864 2566 949 2621 ceris
970 2562 1113 2640 scientis,
1134 2568 1161 2621 et

238 2656 303 2701 non
325 2656 365 2700 er
387 2638 594 2719 opinionibus,
617 2638 692 2701 uolo
714 2640 788 2700 mihi
810 2640 976 2703 Dominum
997 2642 1098 2706 Deum
1118 2646 1156 2723 ip·

239 2729 317 2795 snm,
336 2721 412 2782 uolo
434 2721 528 2781 ullum
550 2728 719 2782 creaturum
732 2723 790 2783 Dei
812 2724 885 2784 mihi
903 2725 968 2786 lore
988 2728 1157 2807 propitium,

239 2805 265 2865 sl
286 2804 415 2865 ednotus
437 2803 565 2865 meliora
584 2812 709 2865 secutus
731 2821 794 2865 non
815 2807 912 2869 fuero.

321 2885 414 2963 Quod
448 2887 473 2945 si
502 2904 552 2945 me
583 2886 792 2948 Fmterculum
822 2896 855 2949 et
883 2890 1059 2952 mendicum
1091 2908 1158 2973 prus

240 2970 333 3031 trimis
354 2966 540 3029 conditionis
552 2986 641 3030 mese
660 2969 778 3055 vilituto
794 2975 1039 3053 contempserint
1053 2973 1158 3035 docere

239 3057 272 3114 et
290 3053 321 3112 iu
344 3053 425 3111 vium
447 3051 584 3111 veritatis
609 3050 778 3131 reducere,
815 3070 874 3135 ugc
903 3056 996 3116 insint
1024 3062 1078 3117 tus
1097 3056 1156 3116 ullu·

240 3135 389 3196 ltrissimu
409 3131 579 3209 Gelsitudo,
602 3140 634 3195 et
656 3140 724 3195 oret
749 3136 1040 3198 reverendissimum
1061 3136 1156 3201 Domi-

239 3231 312 3279 num
333 3216 491 3297 legatum,
512 3222 546 3275 ut
566 3216 677 3278 saltem
699 3222 769 3279 tuus
782 3218 967 3281 (telsltudini
990 3220 1154 3298 scribetis
1190 3268 1191 3271 ι

240 3298 350 3440 gpibus
372 3298 556 3375 erraverim,
586 3305 617 3359 et
638 3300 796 3378 quomodo
828 3302 877 3362 me
904 3320 1040 3364 errorem
1063 3318 1154 3365 emen-

281 3372 322 3442 re‘
344 3385 502 3459 oporteat,
531 3386 566 3439 ut
592 3379 702 3440 saltem
730 3400 787 3463 per
813 3384 1048 3447 illustrissimum
1080 3392 1151 3447 mun

240 3459 491 3523 nominationem
508 3460 615 3522 audire
626 3476 757 3544 merear,
770 3466 878 3547 quibus
896 3468 1076 3543 rationibus,
1098 3468 1152 3547 qui-

228 3539 299 3599 2lms
320 3541 533 3602 autoritatibus
556 3562 690 3604 errorem
713 3566 814 3615 mcum
848 3548 1007 3611 confutare
1034 3550 1151 3642 possint.

237 3618 377 3691 Quodsi
399 3624 491 3681 etism
512 3624 736 3691 illustrissimus
765 3636 837 3691 msc
862 3630 1073 3695 Dominstioni
1099 3630 1153 3691 hoc

295 3730 662 3758 Ἢ

146 3766 165 3794 x
296 3798 327 3864 l)
347 3799 377 3865 ln
396 3802 438 3857 cd.
457 3806 536 3863 ient
556 3808 667 3864 debent:
