<?xml version="1.0" encoding="UTF-8"?>
<!DOCTYPE html PUBLIC "-//W3C//DTD XHTML 1.0 Transitional//EN"
    "http://www.w3.org/TR/xhtml1/DTD/xhtml1-transitional.dtd">
<html xmlns="http://www.w3.org/1999/xhtml" xml:lang="en" lang="en">
 <head>
  <title>
</title>
<meta http-equiv="Content-Type" content="text/html;charset=utf-8" />
  <meta name='ocr-system' content='tesseract 3.04.00' />
  <meta name='ocr-capabilities' content='ocr_page ocr_carea ocr_par ocr_line ocrx_word'/>
</head>
<body>
  <div class='ocr_page' id='page_1' title='image "./operalatinavari06schmgoog_0080.png"; bbox 0 0 2600 4300; ppageno 0'>
   <div class='ocr_carea' id='block_1_1' title="bbox 246 341 903 418">
    <p class='ocr_par' dir='ltr' id='par_1_1' title="bbox 246 341 903 418">
     <span class='ocr_line' id='line_1_1' title="bbox 246 341 903 418; baseline -0.012 -10"><span class='ocrx_word' id='word_1_1' title='bbox 246 341 288 412; x_wconf 73' lang='grc' dir='ltr'>ἳθ</span> <span class='ocrx_word' id='word_1_2' title='bbox 474 348 480 357; x_wconf 68' lang='grc'><strong>“</strong></span> <span class='ocrx_word' id='word_1_3' title='bbox 497 345 614 417; x_wconf 71' lang='lat' dir='ltr'>mpura</span> <span class='ocrx_word' id='word_1_4' title='bbox 629 344 659 404; x_wconf 72' lang='grc' dir='ltr'>Ρ.</span> <span class='ocrx_word' id='word_1_5' title='bbox 678 345 746 418; x_wconf 78' lang='lat' dir='ltr'>silv,</span> <span class='ocrx_word' id='word_1_6' title='bbox 763 346 903 404; x_wconf 60' lang='lat' dir='ltr'>fuerim</span> 
     </span>
    </p>
   </div>
   <div class='ocr_carea' id='block_1_2' title="bbox 126 507 1154 596">
    <p class='ocr_par' dir='ltr' id='par_1_2' title="bbox 126 507 1154 596">
     <span class='ocr_line' id='line_1_2' title="bbox 126 507 1154 596; baseline 0.001 -17"><span class='ocrx_word' id='word_1_7' title='bbox 126 575 129 579; x_wconf 24' lang='lat' dir='ltr'><em>f</em></span> <span class='ocrx_word' id='word_1_8' title='bbox 248 515 330 581; x_wconf 77' lang='lat' dir='ltr'>subis</span> <span class='ocrx_word' id='word_1_9' title='bbox 353 521 387 579; x_wconf 87' lang='lat' dir='ltr'>et</span> <span class='ocrx_word' id='word_1_10' title='bbox 406 507 489 578; x_wconf 88' lang='lat' dir='ltr'>orhis</span> <span class='ocrx_word' id='word_1_11' title='bbox 512 515 629 580; x_wconf 87' lang='lat' dir='ltr'>domini</span> <span class='ocrx_word' id='word_1_12' title='bbox 649 517 747 582; x_wconf 77' lang='lat' dir='ltr'>nocui</span> <span class='ocrx_word' id='word_1_13' title='bbox 769 521 943 596; x_wconf 87' lang='lat' dir='ltr'>spontaneo</span> <span class='ocrx_word' id='word_1_14' title='bbox 972 535 1095 578; x_wconf 85' lang='lat' dir='ltr'>munere</span> <span class='ocrx_word' id='word_1_15' title='bbox 1117 517 1154 580; x_wconf 86' lang='lat' dir='ltr'>iu-</span> 
     </span>
    </p>
   </div>
   <div class='ocr_carea' id='block_1_3' title="bbox 165 598 1179 2911">
    <p class='ocr_par' dir='ltr' id='par_1_3' title="bbox 165 598 1165 2317">
     <span class='ocr_line' id='line_1_3' title="bbox 247 598 1155 681; baseline 0.003 -21"><span class='ocrx_word' id='word_1_16' title='bbox 247 599 392 679; x_wconf 86' lang='lat' dir='ltr'>quisitor,</span> <span class='ocrx_word' id='word_1_17' title='bbox 421 618 461 662; x_wconf 86' lang='lat' dir='ltr'>ao</span> <span class='ocrx_word' id='word_1_18' title='bbox 480 599 608 680; x_wconf 84' lang='lat' dir='ltr'>perinde</span> <span class='ocrx_word' id='word_1_19' title='bbox 635 601 701 660; x_wconf 88' lang='lat' dir='ltr'>sive</span> <span class='ocrx_word' id='word_1_20' title='bbox 730 599 901 678; x_wconf 72' lang='lat' dir='ltr'>ordinarie,</span> <span class='ocrx_word' id='word_1_21' title='bbox 931 599 998 660; x_wconf 88' lang='lat' dir='ltr'>sive</span> <span class='ocrx_word' id='word_1_22' title='bbox 1023 598 1155 681; x_wconf 79' lang='lat' dir='ltr'>delegato</span> 
     </span>
     <span class='ocr_line' id='line_1_4' title="bbox 247 681 1156 762; baseline -0.006 -13"><span class='ocrx_word' id='word_1_23' title='bbox 247 683 313 754; x_wconf 80' lang='lat' dir='ltr'>iure</span> <span class='ocrx_word' id='word_1_24' title='bbox 333 683 592 761; x_wconf 87' lang='lat' dir='ltr'>inspectantibus</span> <span class='ocrx_word' id='word_1_25' title='bbox 615 683 654 744; x_wconf 83' lang='lat' dir='ltr'>ed</span> <span class='ocrx_word' id='word_1_26' title='bbox 668 681 759 746; x_wconf 88' lang='lat' dir='ltr'>iidem</span> <span class='ocrx_word' id='word_1_27' title='bbox 780 681 892 760; x_wconf 85' lang='lat' dir='ltr'>iudex,</span> <span class='ocrx_word' id='word_1_28' title='bbox 905 681 943 742; x_wconf 86' lang='lat' dir='ltr'>ed</span> <span class='ocrx_word' id='word_1_29' title='bbox 966 688 1000 744; x_wconf 89' lang='lat' dir='ltr'>te</span> <span class='ocrx_word' id='word_1_30' title='bbox 1018 701 1156 762; x_wconf 86' lang='lat' dir='ltr'>responsa</span> 
     </span>
     <span class='ocr_line' id='line_1_5' title="bbox 247 763 1158 846; baseline -0.004 -18"><span class='ocrx_word' id='word_1_31' title='bbox 247 763 341 842; x_wconf 88' lang='lat' dir='ltr'>dedi,</span> <span class='ocrx_word' id='word_1_32' title='bbox 372 783 435 827; x_wconf 95' lang='lat' dir='ltr'>non</span> <span class='ocrx_word' id='word_1_33' title='bbox 457 773 583 846; x_wconf 87' lang='lat' dir='ltr'>propter</span> <span class='ocrx_word' id='word_1_34' title='bbox 605 772 637 828; x_wconf 87' lang='lat' dir='ltr'>te</span> <span class='ocrx_word' id='word_1_35' title='bbox 657 771 790 844; x_wconf 84' lang='lat' dir='ltr'>tantum,</span> <span class='ocrx_word' id='word_1_36' title='bbox 807 767 892 844; x_wconf 88' lang='lat' dir='ltr'>-quin</span> <span class='ocrx_word' id='word_1_37' title='bbox 917 765 1022 846; x_wconf 87' lang='lat' dir='ltr'>potius</span> <span class='ocrx_word' id='word_1_38' title='bbox 1043 773 1158 846; x_wconf 85' lang='lat' dir='ltr'>propter</span> 
     </span>
     <span class='ocr_line' id='line_1_6' title="bbox 249 847 1157 928; baseline -0.002 -16"><span class='ocrx_word' id='word_1_39' title='bbox 249 848 344 924; x_wconf 86' lang='lat' dir='ltr'>alios,</span> <span class='ocrx_word' id='word_1_40' title='bbox 376 847 427 909; x_wconf 85' lang='lat' dir='ltr'>rel</span> <span class='ocrx_word' id='word_1_41' title='bbox 449 850 582 911; x_wconf 83' lang='lat' dir='ltr'>maxime</span> <span class='ocrx_word' id='word_1_42' title='bbox 602 848 759 926; x_wconf 78' lang='lat' dir='ltr'>rudiores,</span> <span class='ocrx_word' id='word_1_43' title='bbox 791 847 953 928; x_wconf 85' lang='lat' dir='ltr'>inq-uibus</span> <span class='ocrx_word' id='word_1_44' title='bbox 976 855 1045 908; x_wconf 87' lang='lat' dir='ltr'>tuus</span> <span class='ocrx_word' id='word_1_45' title='bbox 1067 867 1157 910; x_wconf 88' lang='lat' dir='ltr'>sermo</span> 
     </span>
     <span class='ocr_line' id='line_1_7' title="bbox 250 932 1159 1012; baseline 0 -18"><span class='ocrx_word' id='word_1_46' title='bbox 250 932 375 1006; x_wconf 77' lang='lat' dir='ltr'>sensim,</span> <span class='ocrx_word' id='word_1_47' title='bbox 395 936 431 991; x_wconf 89' lang='lat' dir='ltr'>ut</span> <span class='ocrx_word' id='word_1_48' title='bbox 450 941 569 1009; x_wconf 82' lang='lat' dir='ltr'>cancer,</span> <span class='ocrx_word' id='word_1_49' title='bbox 592 932 751 1012; x_wconf 86' lang='lat' dir='ltr'>serpebat,</span> <span class='ocrx_word' id='word_1_50' title='bbox 772 951 836 992; x_wconf 90' lang='lat' dir='ltr'>non</span> <span class='ocrx_word' id='word_1_51' title='bbox 858 951 961 1010; x_wconf 85' lang='lat' dir='ltr'>secus,</span> <span class='ocrx_word' id='word_1_52' title='bbox 983 950 1076 1010; x_wconf 87' lang='lat' dir='ltr'>quam</span> <span class='ocrx_word' id='word_1_53' title='bbox 1096 949 1159 994; x_wconf 82' lang='lat' dir='ltr'>ooo·</span> 
     </span>
     <span class='ocr_line' id='line_1_8' title="bbox 247 1012 1159 1091; baseline 0 -15"><span class='ocrx_word' id='word_1_54' title='bbox 247 1019 295 1076; x_wconf 76' lang='lat' dir='ltr'>tra</span> <span class='ocrx_word' id='word_1_55' title='bbox 314 1013 480 1091; x_wconf 88' lang='lat' dir='ltr'>Donatum,</span> <span class='ocrx_word' id='word_1_56' title='bbox 499 1021 554 1074; x_wconf 89' lang='lat' dir='ltr'>aut</span> <span class='ocrx_word' id='word_1_57' title='bbox 574 1015 735 1090; x_wconf 84' lang='lat' dir='ltr'>Faustum,</span> <span class='ocrx_word' id='word_1_58' title='bbox 757 1021 810 1076; x_wconf 88' lang='lat' dir='ltr'>aut</span> <span class='ocrx_word' id='word_1_59' title='bbox 830 1013 1036 1076; x_wconf 84' lang='lat' dir='ltr'>Manicheum.</span> <span class='ocrx_word' id='word_1_60' title='bbox 1078 1012 1159 1076; x_wconf 86' lang='lat' dir='ltr'>Adeo</span> 
     </span>
     <span class='ocr_line' id='line_1_9' title="bbox 247 1094 1159 1180; baseline 0 -24"><span class='ocrx_word' id='word_1_61' title='bbox 247 1103 300 1156; x_wconf 88' lang='lat' dir='ltr'>tua</span> <span class='ocrx_word' id='word_1_62' title='bbox 320 1094 415 1156; x_wconf 88' lang='lat' dir='ltr'>verba</span> <span class='ocrx_word' id='word_1_63' title='bbox 436 1097 607 1180; x_wconf 79' lang='lat' dir='ltr'>Romanam</span> <span class='ocrx_word' id='word_1_64' title='bbox 628 1097 811 1175; x_wconf 90' lang='lat' dir='ltr'>ecclesiam,</span> <span class='ocrx_word' id='word_1_65' title='bbox 839 1099 913 1158; x_wconf 86' lang='lat' dir='ltr'>item</span> <span class='ocrx_word' id='word_1_66' title='bbox 943 1103 975 1156; x_wconf 87' lang='lat' dir='ltr'>et</span> <span class='ocrx_word' id='word_1_67' title='bbox 994 1097 1159 1158; x_wconf 86' lang='lat' dir='ltr'>Romanum</span> 
     </span>
     <span class='ocr_line' id='line_1_10' title="bbox 241 1176 1161 1260; baseline 0.004 -26"><span class='ocrx_word' id='word_1_68' title='bbox 241 1177 424 1258; x_wconf 79' lang='lat' dir='ltr'>‚pontificem</span> <span class='ocrx_word' id='word_1_69' title='bbox 446 1181 477 1240; x_wconf 91' lang='lat' dir='ltr'>in</span> <span class='ocrx_word' id='word_1_70' title='bbox 499 1181 605 1258; x_wconf 88' lang='lat' dir='ltr'>primis</span> <span class='ocrx_word' id='word_1_71' title='bbox 627 1181 763 1242; x_wconf 84' lang='lat' dir='ltr'>omnium</span> <span class='ocrx_word' id='word_1_72' title='bbox 784 1179 900 1242; x_wconf 86' lang='lat' dir='ltr'>iudicio</span> <span class='ocrx_word' id='word_1_73' title='bbox 918 1176 1055 1260; x_wconf 79' lang='lat' dir='ltr'>graviter</span> <span class='ocrx_word' id='word_1_74' title='bbox 1075 1180 1161 1260; x_wconf 85' lang='lat' dir='ltr'>impe·</span> 
     </span>
     <span class='ocr_line' id='line_1_11' title="bbox 248 1261 1162 1341; baseline 0.001 -20"><span class='ocrx_word' id='word_1_75' title='bbox 248 1261 364 1335; x_wconf 84' lang='lat' dir='ltr'>tebant,</span> <span class='ocrx_word' id='word_1_76' title='bbox 385 1263 469 1322; x_wconf 91' lang='lat' dir='ltr'>acsi</span> <span class='ocrx_word' id='word_1_77' title='bbox 492 1263 566 1323; x_wconf 80' lang='lat' dir='ltr'>talio</span> <span class='ocrx_word' id='word_1_78' title='bbox 586 1264 619 1322; x_wconf 91' lang='lat' dir='ltr'>in</span> <span class='ocrx_word' id='word_1_79' title='bbox 641 1263 740 1324; x_wconf 91' lang='lat' dir='ltr'>lucem</span> <span class='ocrx_word' id='word_1_80' title='bbox 765 1261 913 1340; x_wconf 78' lang='lat' dir='ltr'>dedisses,</span> <span class='ocrx_word' id='word_1_81' title='bbox 935 1263 1025 1341; x_wconf 87' lang='lat' dir='ltr'>quasi</span> <span class='ocrx_word' id='word_1_82' title='bbox 1043 1281 1115 1326; x_wconf 83' lang='lat' dir='ltr'>mox</span> <span class='ocrx_word' id='word_1_83' title='bbox 1127 1261 1162 1322; x_wconf 89' lang='lat' dir='ltr'>ad</span> 
     </span>
     <span class='ocr_line' id='line_1_12' title="bbox 248 1343 1161 1426; baseline -0.003 -17"><span class='ocrx_word' id='word_1_84' title='bbox 248 1343 404 1410; x_wconf 84' lang='lat' dir='ltr'>Bohemos</span> <span class='ocrx_word' id='word_1_85' title='bbox 426 1345 697 1425; x_wconf 76' lang='lat' dir='ltr'>commigraturus,</span> <span class='ocrx_word' id='word_1_86' title='bbox 729 1352 783 1407; x_wconf 89' lang='lat' dir='ltr'>aut</span> <span class='ocrx_word' id='word_1_87' title='bbox 814 1364 960 1426; x_wconf 87' lang='lat' dir='ltr'>maguum</span> <span class='ocrx_word' id='word_1_88' title='bbox 982 1344 1161 1425; x_wconf 88' lang='lat' dir='ltr'>aliquodue</span> 
     </span>
     <span class='ocr_line' id='line_1_13' title="bbox 247 1425 1162 1512; baseline -0.002 -23"><span class='ocrx_word' id='word_1_89' title='bbox 247 1425 346 1490; x_wconf 84' lang='lat' dir='ltr'>latens</span> <span class='ocrx_word' id='word_1_90' title='bbox 368 1425 470 1488; x_wconf 89' lang='lat' dir='ltr'>adhuc</span> <span class='ocrx_word' id='word_1_91' title='bbox 491 1427 625 1489; x_wconf 88' lang='lat' dir='ltr'>schisma</span> <span class='ocrx_word' id='word_1_92' title='bbox 646 1428 870 1512; x_wconf 77' lang='lat' dir='ltr'>propalaturus.</span> <span class='ocrx_word' id='word_1_93' title='bbox 903 1427 949 1490; x_wconf 83' lang='lat' dir='ltr'>Ea</span> <span class='ocrx_word' id='word_1_94' title='bbox 970 1433 1100 1508; x_wconf 89' lang='lat' dir='ltr'>propter</span> <span class='ocrx_word' id='word_1_95' title='bbox 1119 1429 1162 1488; x_wconf 84' lang='lat' dir='ltr'>sti-</span> 
     </span>
     <span class='ocr_line' id='line_1_14' title="bbox 247 1508 1163 1591; baseline -0.002 -19"><span class='ocrx_word' id='word_1_96' title='bbox 247 1508 350 1572; x_wconf 91' lang='lat' dir='ltr'>mulos</span> <span class='ocrx_word' id='word_1_97' title='bbox 371 1528 409 1571; x_wconf 91' lang='lat' dir='ltr'>ac</span> <span class='ocrx_word' id='word_1_98' title='bbox 431 1510 537 1572; x_wconf 86' lang='lat' dir='ltr'>clavos</span> <span class='ocrx_word' id='word_1_99' title='bbox 561 1518 631 1570; x_wconf 94' lang='lat' dir='ltr'>tuos</span> <span class='ocrx_word' id='word_1_100' title='bbox 655 1511 838 1591; x_wconf 87' lang='lat' dir='ltr'>simplicium</span> <span class='ocrx_word' id='word_1_101' title='bbox 860 1511 959 1591; x_wconf 80' lang='lat' dir='ltr'>gratia</span> <span class='ocrx_word' id='word_1_102' title='bbox 981 1517 1015 1574; x_wconf 83' lang='lat' dir='ltr'>et</span> <span class='ocrx_word' id='word_1_103' title='bbox 1036 1511 1163 1570; x_wconf 84' lang='lat' dir='ltr'>uniuersi</span> 
     </span>
     <span class='ocr_line' id='line_1_15' title="bbox 246 1591 1165 1674; baseline 0 -20"><span class='ocrx_word' id='word_1_104' title='bbox 246 1591 354 1672; x_wconf 85' lang='lat' dir='ltr'>populi</span> <span class='ocrx_word' id='word_1_105' title='bbox 376 1591 562 1668; x_wconf 79' lang='lat' dir='ltr'>Christiani,</span> <span class='ocrx_word' id='word_1_106' title='bbox 589 1613 652 1656; x_wconf 90' lang='lat' dir='ltr'>non</span> <span class='ocrx_word' id='word_1_107' title='bbox 682 1601 783 1656; x_wconf 84' lang='lat' dir='ltr'>autem</span> <span class='ocrx_word' id='word_1_108' title='bbox 808 1600 839 1654; x_wconf 92' lang='lat' dir='ltr'>te</span> <span class='ocrx_word' id='word_1_109' title='bbox 859 1602 986 1674; x_wconf 86' lang='lat' dir='ltr'>propter</span> <span class='ocrx_word' id='word_1_110' title='bbox 1007 1593 1165 1654; x_wconf 88' lang='lat' dir='ltr'>retunden-</span> 
     </span>
     <span class='ocr_line' id='line_1_16' title="bbox 245 1673 1162 1743; baseline 0.003 -8"><span class='ocrx_word' id='word_1_111' title='bbox 245 1673 304 1738; x_wconf 91' lang='lat' dir='ltr'>dos</span> <span class='ocrx_word' id='word_1_112' title='bbox 325 1675 572 1737; x_wconf 84' lang='lat' dir='ltr'>existimaverim.</span> <span class='ocrx_word' id='word_1_113' title='bbox 606 1675 647 1736; x_wconf 77' lang='lat' dir='ltr'>Ill</span> <span class='ocrx_word' id='word_1_114' title='bbox 667 1676 742 1738; x_wconf 91' lang='lat' dir='ltr'>nihil</span> <span class='ocrx_word' id='word_1_115' title='bbox 764 1695 802 1738; x_wconf 90' lang='lat' dir='ltr'>eo</span> <span class='ocrx_word' id='word_1_116' title='bbox 825 1678 925 1739; x_wconf 88' lang='lat' dir='ltr'>minus</span> <span class='ocrx_word' id='word_1_117' title='bbox 947 1695 1018 1743; x_wconf 85' lang='lat' dir='ltr'>oum</span> <span class='ocrx_word' id='word_1_118' title='bbox 1039 1696 1107 1740; x_wconf 89' lang='lat' dir='ltr'>non</span> <span class='ocrx_word' id='word_1_119' title='bbox 1127 1696 1162 1738; x_wconf 85' lang='lat' dir='ltr'>ex</span> 
     </span>
     <span class='ocr_line' id='line_1_17' title="bbox 245 1755 1161 1842; baseline 0.002 -24"><span class='ocrx_word' id='word_1_120' title='bbox 245 1755 299 1818; x_wconf 91' lang='lat' dir='ltr'>hili</span> <span class='ocrx_word' id='word_1_121' title='bbox 321 1763 353 1818; x_wconf 93' lang='lat' dir='ltr'>et</span> <span class='ocrx_word' id='word_1_122' title='bbox 373 1757 516 1821; x_wconf 81' lang='lat' dir='ltr'>cholerae</span> <span class='ocrx_word' id='word_1_123' title='bbox 538 1757 659 1820; x_wconf 85' lang='lat' dir='ltr'>fervore</span> <span class='ocrx_word' id='word_1_124' title='bbox 683 1757 735 1842; x_wconf 86' lang='lat' dir='ltr'>(ut</span> <span class='ocrx_word' id='word_1_125' title='bbox 757 1756 903 1842; x_wconf 81' lang='lat' dir='ltr'>astruis),</span> <span class='ocrx_word' id='word_1_126' title='bbox 936 1759 991 1820; x_wconf 85' lang='lat' dir='ltr'>sed</span> <span class='ocrx_word' id='word_1_127' title='bbox 1014 1759 1077 1820; x_wconf 93' lang='lat' dir='ltr'>Dei</span> <span class='ocrx_word' id='word_1_128' title='bbox 1099 1759 1161 1820; x_wconf 83' lang='lat' dir='ltr'>nelo</span> 
     </span>
     <span class='ocr_line' id='line_1_18' title="bbox 246 1840 1164 1922; baseline 0.002 -22"><span class='ocrx_word' id='word_1_129' title='bbox 246 1840 419 1918; x_wconf 89' lang='lat' dir='ltr'>inprimis,</span> <span class='ocrx_word' id='word_1_130' title='bbox 455 1847 487 1900; x_wconf 90' lang='lat' dir='ltr'>et</span> <span class='ocrx_word' id='word_1_131' title='bbox 513 1841 646 1902; x_wconf 83' lang='lat' dir='ltr'>tuendae</span> <span class='ocrx_word' id='word_1_132' title='bbox 675 1841 812 1902; x_wconf 88' lang='lat' dir='ltr'>veritatis</span> <span class='ocrx_word' id='word_1_133' title='bbox 834 1843 950 1922; x_wconf 83' lang='lat' dir='ltr'>gratia,</span> <span class='ocrx_word' id='word_1_134' title='bbox 979 1861 1017 1904; x_wconf 89' lang='lat' dir='ltr'>ac</span> <span class='ocrx_word' id='word_1_135' title='bbox 1045 1841 1164 1904; x_wconf 87' lang='lat' dir='ltr'>demum</span> 
     </span>
     <span class='ocr_line' id='line_1_19' title="bbox 246 1922 1164 2007; baseline 0 -23"><span class='ocrx_word' id='word_1_136' title='bbox 246 1923 421 1986; x_wconf 83' lang='lat' dir='ltr'>interventu</span> <span class='ocrx_word' id='word_1_137' title='bbox 441 1922 615 2002; x_wconf 83' lang='lat' dir='ltr'>fidelitatis,</span> <span class='ocrx_word' id='word_1_138' title='bbox 644 1943 736 2007; x_wconf 88' lang='lat' dir='ltr'>quam</span> <span class='ocrx_word' id='word_1_139' title='bbox 767 1925 908 1986; x_wconf 85' lang='lat' dir='ltr'>Romano</span> <span class='ocrx_word' id='word_1_140' title='bbox 930 1923 1073 2006; x_wconf 88' lang='lat' dir='ltr'>pontifici</span> <span class='ocrx_word' id='word_1_141' title='bbox 1093 1925 1164 1984; x_wconf 91' lang='lat' dir='ltr'>iure-</span> 
     </span>
     <span class='ocr_line' id='line_1_20' title="bbox 246 2004 1165 2088; baseline 0.004 -22"><span class='ocrx_word' id='word_1_142' title='bbox 246 2004 374 2072; x_wconf 85' lang='lat' dir='ltr'>iurando</span> <span class='ocrx_word' id='word_1_143' title='bbox 397 2005 461 2084; x_wconf 85' lang='lat' dir='ltr'>tuh‘,</span> <span class='ocrx_word' id='word_1_144' title='bbox 484 2005 522 2070; x_wconf 87' lang='lat' dir='ltr'>ad</span> <span class='ocrx_word' id='word_1_145' title='bbox 545 2013 576 2066; x_wconf 89' lang='lat' dir='ltr'>te</span> <span class='ocrx_word' id='word_1_146' title='bbox 594 2007 805 2070; x_wconf 87' lang='lat' dir='ltr'>brevissimum</span> <span class='ocrx_word' id='word_1_147' title='bbox 819 2005 976 2088; x_wconf 81' lang='lat' dir='ltr'>dialogum</span> <span class='ocrx_word' id='word_1_148' title='bbox 991 2005 1165 2084; x_wconf 83' lang='lat' dir='ltr'>edidissem,</span> 
     </span>
     <span class='ocr_line' id='line_1_21' title="bbox 245 2087 1165 2170; baseline 0.004 -21"><span class='ocrx_word' id='word_1_149' title='bbox 245 2088 384 2168; x_wconf 77' lang='lat' dir='ltr'>inprimis</span> <span class='ocrx_word' id='word_1_150' title='bbox 406 2108 475 2152; x_wconf 88' lang='lat' dir='ltr'>eum</span> <span class='ocrx_word' id='word_1_151' title='bbox 499 2087 721 2153; x_wconf 87' lang='lat' dir='ltr'>discutiendum</span> <span class='ocrx_word' id='word_1_152' title='bbox 744 2109 799 2170; x_wconf 89' lang='lat' dir='ltr'>per</span> <span class='ocrx_word' id='word_1_153' title='bbox 812 2108 877 2169; x_wconf 89' lang='lat' dir='ltr'>eos,</span> <span class='ocrx_word' id='word_1_154' title='bbox 899 2089 939 2151; x_wconf 87' lang='lat' dir='ltr'>ad</span> <span class='ocrx_word' id='word_1_155' title='bbox 955 2109 1034 2170; x_wconf 88' lang='lat' dir='ltr'>quos</span> <span class='ocrx_word' id='word_1_156' title='bbox 1049 2091 1165 2163; x_wconf 87' lang='lat' dir='ltr'>attinet,</span> 
     </span>
     <span class='ocr_line' id='line_1_22' title="bbox 165 2172 1164 2255; baseline 0.002 -24"><span class='ocrx_word' id='word_1_157' title='bbox 165 2176 173 2185; x_wconf 83' lang='lat'><strong><em>‘</em></strong></span> <span class='ocrx_word' id='word_1_158' title='bbox 248 2173 360 2249; x_wconf 85' lang='lat' dir='ltr'>curavi,</span> <span class='ocrx_word' id='word_1_159' title='bbox 382 2191 422 2233; x_wconf 91' lang='lat' dir='ltr'>ne</span> <span class='ocrx_word' id='word_1_160' title='bbox 442 2172 522 2233; x_wconf 83' lang='lat' dir='ltr'>forte</span> <span class='ocrx_word' id='word_1_161' title='bbox 542 2174 681 2253; x_wconf 80' lang='lat' dir='ltr'>gravius,</span> <span class='ocrx_word' id='word_1_162' title='bbox 705 2192 796 2252; x_wconf 86' lang='lat' dir='ltr'>quem</span> <span class='ocrx_word' id='word_1_163' title='bbox 816 2192 873 2253; x_wconf 82' lang='lat' dir='ltr'>pm·</span> <span class='ocrx_word' id='word_1_164' title='bbox 895 2180 975 2253; x_wconf 89' lang='lat' dir='ltr'>erat,</span> <span class='ocrx_word' id='word_1_165' title='bbox 998 2180 1029 2233; x_wconf 88' lang='lat' dir='ltr'>te</span> <span class='ocrx_word' id='word_1_166' title='bbox 1050 2174 1164 2255; x_wconf 89' lang='lat' dir='ltr'>impeti-</span> 
     </span>
     <span class='ocr_line' id='line_1_23' title="bbox 246 2272 376 2317; baseline -0.015 -2"><span class='ocrx_word' id='word_1_167' title='bbox 246 2272 376 2317; x_wconf 79' lang='lat' dir='ltr'>amnem:</span> 
     </span>
    </p>

    <p class='ocr_par' dir='ltr' id='par_1_4' title="bbox 177 2334 1179 2911">
     <span class='ocr_line' id='line_1_24' title="bbox 282 2334 1166 2418; baseline 0.006 -23"><span class='ocrx_word' id='word_1_168' title='bbox 282 2400 285 2405; x_wconf 64' lang='grc'><strong>,</strong></span> <span class='ocrx_word' id='word_1_169' title='bbox 329 2334 435 2413; x_wconf 88' lang='lat' dir='ltr'>Adde,</span> <span class='ocrx_word' id='word_1_170' title='bbox 462 2336 545 2415; x_wconf 91' lang='lat' dir='ltr'>quod</span> <span class='ocrx_word' id='word_1_171' title='bbox 573 2339 615 2399; x_wconf 88' lang='lat' dir='ltr'>tui</span> <span class='ocrx_word' id='word_1_172' title='bbox 645 2337 761 2399; x_wconf 88' lang='lat' dir='ltr'>ordinis</span> <span class='ocrx_word' id='word_1_173' title='bbox 785 2356 917 2416; x_wconf 82' lang='lat' dir='ltr'>nomeu,</span> <span class='ocrx_word' id='word_1_174' title='bbox 950 2338 1000 2401; x_wconf 89' lang='lat' dir='ltr'>cui</span> <span class='ocrx_word' id='word_1_175' title='bbox 1026 2336 1115 2418; x_wconf 84' lang='lat' dir='ltr'>(meo</span> <span class='ocrx_word' id='word_1_176' title='bbox 1138 2347 1166 2401; x_wconf 90' lang='lat' dir='ltr'>et</span> 
     </span>
     <span class='ocr_line' id='line_1_25' title="bbox 247 2418 1179 2501; baseline 0.001 -20"><span class='ocrx_word' id='word_1_177' title='bbox 247 2419 384 2484; x_wconf 89' lang='lat' dir='ltr'>omnium</span> <span class='ocrx_word' id='word_1_178' title='bbox 405 2418 537 2498; x_wconf 88' lang='lat' dir='ltr'>iudicio)</span> <span class='ocrx_word' id='word_1_179' title='bbox 562 2421 725 2501; x_wconf 88' lang='lat' dir='ltr'>plurimum</span> <span class='ocrx_word' id='word_1_180' title='bbox 748 2420 908 2484; x_wconf 79' lang='lat' dir='ltr'>dedecoris</span> <span class='ocrx_word' id='word_1_181' title='bbox 931 2430 1001 2483; x_wconf 84' lang='lat' dir='ltr'>eras</span> <span class='ocrx_word' id='word_1_182' title='bbox 1019 2422 1179 2485; x_wconf 49' lang='lat' dir='ltr'>allaturus*</span> 
     </span>
     <span class='ocr_line' id='line_1_26' title="bbox 236 2502 1165 2585; baseline 0 -20"><span class='ocrx_word' id='word_1_183' title='bbox 236 2502 384 2577; x_wconf 59' lang='lat' dir='ltr'>intimam</span> <span class='ocrx_word' id='word_1_184' title='bbox 413 2508 514 2563; x_wconf 89' lang='lat' dir='ltr'>autem</span> <span class='ocrx_word' id='word_1_185' title='bbox 543 2503 620 2565; x_wconf 85' lang='lat' dir='ltr'>faxit</span> <span class='ocrx_word' id='word_1_186' title='bbox 640 2504 741 2583; x_wconf 86' lang='lat' dir='ltr'>Deus,</span> <span class='ocrx_word' id='word_1_187' title='bbox 769 2502 892 2582; x_wconf 82' lang='lat' dir='ltr'>fallar),</span> <span class='ocrx_word' id='word_1_188' title='bbox 914 2502 1062 2583; x_wconf 85' lang='lat' dir='ltr'>subticui,</span> <span class='ocrx_word' id='word_1_189' title='bbox 1086 2505 1165 2585; x_wconf 91' lang='lat' dir='ltr'>quod</span> 
     </span>
     <span class='ocr_line' id='line_1_27' title="bbox 247 2584 1164 2667; baseline 0.003 -21"><span class='ocrx_word' id='word_1_190' title='bbox 247 2585 355 2663; x_wconf 86' lang='lat' dir='ltr'>utique</span> <span class='ocrx_word' id='word_1_191' title='bbox 378 2585 404 2643; x_wconf 89' lang='lat' dir='ltr'>si</span> <span class='ocrx_word' id='word_1_192' title='bbox 426 2584 581 2647; x_wconf 90' lang='lat' dir='ltr'>cholerico</span> <span class='ocrx_word' id='word_1_193' title='bbox 600 2584 730 2649; x_wconf 91' lang='lat' dir='ltr'>humore</span> <span class='ocrx_word' id='word_1_194' title='bbox 743 2586 950 2649; x_wconf 87' lang='lat' dir='ltr'>efferbuissem</span> <span class='ocrx_word' id='word_1_195' title='bbox 977 2592 1029 2657; x_wconf 86' lang='lat' dir='ltr'>(ut</span> <span class='ocrx_word' id='word_1_196' title='bbox 1040 2587 1164 2667; x_wconf 87' lang='lat' dir='ltr'>scribis)</span> 
     </span>
     <span class='ocr_line' id='line_1_28' title="bbox 248 2666 1166 2751; baseline 0.005 -23"><span class='ocrx_word' id='word_1_197' title='bbox 248 2686 313 2734; x_wconf 85' lang='lat' dir='ltr'>uon</span> <span class='ocrx_word' id='word_1_198' title='bbox 335 2666 522 2747; x_wconf 74' lang='lat' dir='ltr'>effemssem,</span> <span class='ocrx_word' id='word_1_199' title='bbox 544 2668 691 2749; x_wconf 88' lang='lat' dir='ltr'>denique,</span> <span class='ocrx_word' id='word_1_200' title='bbox 713 2668 763 2731; x_wconf 94' lang='lat' dir='ltr'>ubi</span> <span class='ocrx_word' id='word_1_201' title='bbox 785 2688 840 2749; x_wconf 91' lang='lat' dir='ltr'>per</span> <span class='ocrx_word' id='word_1_202' title='bbox 861 2670 944 2731; x_wconf 88' lang='lat' dir='ltr'>viros</span> <span class='ocrx_word' id='word_1_203' title='bbox 965 2670 1078 2750; x_wconf 75' lang='lat' dir='ltr'>graves</span> <span class='ocrx_word' id='word_1_204' title='bbox 1098 2687 1166 2751; x_wconf 82' lang='lat' dir='ltr'>pro·</span> 
     </span>
     <span class='ocr_line' id='line_1_29' title="bbox 246 2749 1170 2833; baseline 0.002 -22"><span class='ocrx_word' id='word_1_205' title='bbox 246 2749 319 2819; x_wconf 78' lang='lat' dir='ltr'>hsta</span> <span class='ocrx_word' id='word_1_206' title='bbox 342 2756 413 2811; x_wconf 87' lang='lat' dir='ltr'>suut</span> <span class='ocrx_word' id='word_1_207' title='bbox 434 2770 519 2827; x_wconf 89' lang='lat' dir='ltr'>mea,</span> <span class='ocrx_word' id='word_1_208' title='bbox 547 2752 579 2811; x_wconf 95' lang='lat' dir='ltr'>in</span> <span class='ocrx_word' id='word_1_209' title='bbox 607 2750 706 2815; x_wconf 90' lang='lat' dir='ltr'>lucem</span> <span class='ocrx_word' id='word_1_210' title='bbox 740 2750 822 2823; x_wconf 86' lang='lat' dir='ltr'>dedi,</span> <span class='ocrx_word' id='word_1_211' title='bbox 866 2750 944 2831; x_wconf 77' lang='lat' dir='ltr'>Quid</span> <span class='ocrx_word' id='word_1_212' title='bbox 970 2771 1052 2833; x_wconf 44' lang='lat' dir='ltr'>,ergo</span> <span class='ocrx_word' id='word_1_213' title='bbox 1075 2752 1170 2815; x_wconf 87' lang='lat' dir='ltr'>male·-</span> 
     </span>
     <span class='ocr_line' id='line_1_30' title="bbox 177 2832 1166 2911; baseline 0.006 -18"><span class='ocrx_word' id='word_1_214' title='bbox 177 2858 180 2863; x_wconf 96' lang='lat'>·</span> <span class='ocrx_word' id='word_1_215' title='bbox 248 2832 411 2910; x_wconf 83' lang='lat' dir='ltr'>volentiac,</span> <span class='ocrx_word' id='word_1_216' title='bbox 433 2832 494 2909; x_wconf 81' lang='lat' dir='ltr'>vel,</span> <span class='ocrx_word' id='word_1_217' title='bbox 514 2840 547 2893; x_wconf 88' lang='lat' dir='ltr'>ut</span> <span class='ocrx_word' id='word_1_218' title='bbox 562 2834 728 2911; x_wconf 85' lang='lat' dir='ltr'>itedioern,</span> <span class='ocrx_word' id='word_1_219' title='bbox 752 2834 1007 2898; x_wconf 81' lang='lat' dir='ltr'>excandescentis</span> <span class='ocrx_word' id='word_1_220' title='bbox 1022 2836 1166 2900; x_wconf 80' lang='lat' dir='ltr'>cholerae</span> 
     </span>
    </p>
   </div>
   <div class='ocr_carea' id='block_1_4' title="bbox 149 2916 1165 2999">
    <p class='ocr_par' dir='ltr' id='par_1_5' title="bbox 149 2916 1165 2999">
     <span class='ocr_line' id='line_1_31' title="bbox 149 2916 1165 2999; baseline 0.002 -22"><span class='ocrx_word' id='word_1_221' title='bbox 149 2940 155 2946; x_wconf 89' lang='lat'><strong>·</strong></span> <span class='ocrx_word' id='word_1_222' title='bbox 247 2916 338 2978; x_wconf 89' lang='lat' dir='ltr'>toties</span> <span class='ocrx_word' id='word_1_223' title='bbox 359 2935 409 2976; x_wconf 90' lang='lat' dir='ltr'>me</span> <span class='ocrx_word' id='word_1_224' title='bbox 427 2918 542 2997; x_wconf 81' lang='lat' dir='ltr'>arguis,</span> <span class='ocrx_word' id='word_1_225' title='bbox 564 2918 616 2997; x_wconf 90' lang='lat' dir='ltr'>qui</span> <span class='ocrx_word' id='word_1_226' title='bbox 638 2917 714 2979; x_wconf 88' lang='lat' dir='ltr'>nihil</span> <span class='ocrx_word' id='word_1_227' title='bbox 731 2936 798 2987; x_wconf 85' lang='lat' dir='ltr'>¹non</span> <span class='ocrx_word' id='word_1_228' title='bbox 814 2917 995 2997; x_wconf 84' lang='lat' dir='ltr'>discussum,</span> <span class='ocrx_word' id='word_1_229' title='bbox 1018 2938 1081 2979; x_wconf 90' lang='lat' dir='ltr'>non</span> <span class='ocrx_word' id='word_1_230' title='bbox 1097 2938 1165 2999; x_wconf 92' lang='lat' dir='ltr'>pro·</span> 
     </span>
    </p>
   </div>
   <div class='ocr_carea' id='block_1_5' title="bbox 238 2998 1166 3819">
    <p class='ocr_par' dir='ltr' id='par_1_6' title="bbox 246 2998 921 3081">
     <span class='ocr_line' id='line_1_32' title="bbox 246 2998 921 3081; baseline -0.003 -20"><span class='ocrx_word' id='word_1_231' title='bbox 246 2998 362 3072; x_wconf 85' lang='lat' dir='ltr'>batum,</span> <span class='ocrx_word' id='word_1_232' title='bbox 383 3017 445 3059; x_wconf 91' lang='lat' dir='ltr'>non</span> <span class='ocrx_word' id='word_1_233' title='bbox 467 2998 624 3061; x_wconf 80' lang='lat' dir='ltr'>laudatum</span> <span class='ocrx_word' id='word_1_234' title='bbox 644 3001 728 3081; x_wconf 85' lang='lat' dir='ltr'>prius</span> <span class='ocrx_word' id='word_1_235' title='bbox 751 3000 921 3064; x_wconf 77' lang='lat' dir='ltr'>extulerim¹</span> 
     </span>
    </p>

    <p class='ocr_par' dir='ltr' id='par_1_7' title="bbox 238 3079 1166 3819">
     <span class='ocr_line' id='line_1_33' title="bbox 238 3079 1165 3161; baseline 0 -16"><span class='ocrx_word' id='word_1_236' title='bbox 238 3151 242 3157; x_wconf 55' lang='grc'><strong><em>,</em></strong></span> <span class='ocrx_word' id='word_1_237' title='bbox 329 3081 375 3145; x_wconf 86' lang='lat' dir='ltr'>Tu</span> <span class='ocrx_word' id='word_1_238' title='bbox 396 3101 486 3159; x_wconf 90' lang='lat' dir='ltr'>vero,</span> <span class='ocrx_word' id='word_1_239' title='bbox 515 3084 566 3161; x_wconf 92' lang='lat' dir='ltr'>qui</span> <span class='ocrx_word' id='word_1_240' title='bbox 580 3082 652 3160; x_wconf 66' lang='lat' dir='ltr'>ris,</span> <span class='ocrx_word' id='word_1_241' title='bbox 679 3090 713 3143; x_wconf 89' lang='lat' dir='ltr'>ut</span> <span class='ocrx_word' id='word_1_242' title='bbox 734 3079 885 3146; x_wconf 80' lang='lat' dir='ltr'>Christum</span> <span class='ocrx_word' id='word_1_243' title='bbox 912 3083 944 3143; x_wconf 94' lang='lat' dir='ltr'>in</span> <span class='ocrx_word' id='word_1_244' title='bbox 964 3087 1002 3145; x_wconf 88' lang='lat' dir='ltr'>te</span> <span class='ocrx_word' id='word_1_245' title='bbox 1019 3082 1165 3148; x_wconf 88' lang='lat' dir='ltr'>detonan-</span> 
     </span>
     <span class='ocr_line' id='line_1_34' title="bbox 247 3163 1165 3247; baseline 0 -20"><span class='ocrx_word' id='word_1_246' title='bbox 247 3172 308 3228; x_wconf 85' lang='lat' dir='ltr'>tem</span> <span class='ocrx_word' id='word_1_247' title='bbox 330 3163 499 3241; x_wconf 84' lang='lat' dir='ltr'>audiomus,</span> <span class='ocrx_word' id='word_1_248' title='bbox 521 3164 602 3241; x_wconf 85' lang='lat' dir='ltr'>vide,</span> <span class='ocrx_word' id='word_1_249' title='bbox 618 3184 709 3245; x_wconf 84' lang='lat' dir='ltr'>quam</span> <span class='ocrx_word' id='word_1_250' title='bbox 722 3165 873 3243; x_wconf 83' lang='lat' dir='ltr'>modeste,</span> <span class='ocrx_word' id='word_1_251' title='bbox 895 3184 986 3247; x_wconf 86' lang='lat' dir='ltr'>quarn</span> <span class='ocrx_word' id='word_1_252' title='bbox 1003 3164 1165 3244; x_wconf 89' lang='lat' dir='ltr'>humiliter,</span> 
     </span>
     <span class='ocr_line' id='line_1_35' title="bbox 247 3248 1165 3329; baseline 0 -20"><span class='ocrx_word' id='word_1_253' title='bbox 247 3267 338 3329; x_wconf 84' lang='lat' dir='ltr'>qnam</span> <span class='ocrx_word' id='word_1_254' title='bbox 370 3248 541 3325; x_wconf 84' lang='lat' dir='ltr'>caritative,</span> <span class='ocrx_word' id='word_1_255' title='bbox 575 3268 668 3327; x_wconf 88' lang='lat' dir='ltr'>quam</span> <span class='ocrx_word' id='word_1_256' title='bbox 699 3255 875 3314; x_wconf 83' lang='lat' dir='ltr'>reverenter</span> <span class='ocrx_word' id='word_1_257' title='bbox 905 3248 1054 3329; x_wconf 85' lang='lat' dir='ltr'>Magistro</span> <span class='ocrx_word' id='word_1_258' title='bbox 1086 3252 1165 3311; x_wconf 84' lang='lat' dir='ltr'>sacri</span> 
     </span>
     <span class='ocr_line' id='line_1_36' title="bbox 246 3330 1165 3411; baseline 0.003 -21"><span class='ocrx_word' id='word_1_259' title='bbox 246 3330 355 3392; x_wconf 90' lang='lat' dir='ltr'>Palatii</span> <span class='ocrx_word' id='word_1_260' title='bbox 377 3330 550 3410; x_wconf 88' lang='lat' dir='ltr'>scripseris,</span> <span class='ocrx_word' id='word_1_261' title='bbox 583 3330 634 3410; x_wconf 93' lang='lat' dir='ltr'>qui</span> <span class='ocrx_word' id='word_1_262' title='bbox 661 3330 700 3391; x_wconf 88' lang='lat' dir='ltr'>ad</span> <span class='ocrx_word' id='word_1_263' title='bbox 717 3350 782 3411; x_wconf 27' lang='lat' dir='ltr'>,me</span> <span class='ocrx_word' id='word_1_264' title='bbox 810 3330 1091 3409; x_wconf 81' lang='lat' dir='ltr'>dehonestandum,</span> <span class='ocrx_word' id='word_1_265' title='bbox 1125 3352 1165 3393; x_wconf 87' lang='lat' dir='ltr'>ex</span> 
     </span>
     <span class='ocr_line' id='line_1_37' title="bbox 247 3414 1165 3495; baseline 0.001 -21"><span class='ocrx_word' id='word_1_266' title='bbox 247 3414 400 3483; x_wconf 83' lang='lat' dir='ltr'>sententia</span> <span class='ocrx_word' id='word_1_267' title='bbox 421 3423 452 3473; x_wconf 91' lang='lat' dir='ltr'>et</span> <span class='ocrx_word' id='word_1_268' title='bbox 473 3432 512 3475; x_wconf 82' lang='lat' dir='ltr'>ex</span> <span class='ocrx_word' id='word_1_269' title='bbox 534 3415 779 3493; x_wconf 77' lang='lat' dir='ltr'>comparatione,</span> <span class='ocrx_word' id='word_1_270' title='bbox 802 3422 918 3495; x_wconf 82' lang='lat' dir='ltr'>quauta</span> <span class='ocrx_word' id='word_1_271' title='bbox 938 3415 1068 3494; x_wconf 88' lang='lat' dir='ltr'>potuisti</span> <span class='ocrx_word' id='word_1_272' title='bbox 1089 3423 1165 3492; x_wconf 85' lang='lat' dir='ltr'>erte,</span> 
     </span>
     <span class='ocr_line' id='line_1_38' title="bbox 246 3496 1165 3575; baseline 0.001 -20"><span class='ocrx_word' id='word_1_273' title='bbox 246 3496 429 3572; x_wconf 85' lang='lat' dir='ltr'>calliditate,</span> <span class='ocrx_word' id='word_1_274' title='bbox 460 3496 621 3558; x_wconf 87' lang='lat' dir='ltr'>mendacio</span> <span class='ocrx_word' id='word_1_275' title='bbox 643 3516 732 3575; x_wconf 88' lang='lat' dir='ltr'>usus,</span> <span class='ocrx_word' id='word_1_276' title='bbox 762 3497 887 3565; x_wconf 75' lang='lat' dir='ltr'>tandem</span> <span class='ocrx_word' id='word_1_277' title='bbox 916 3516 986 3559; x_wconf 91' lang='lat' dir='ltr'>cum</span> <span class='ocrx_word' id='word_1_278' title='bbox 1014 3496 1089 3560; x_wconf 89' lang='lat' dir='ltr'>nihil</span> <span class='ocrx_word' id='word_1_279' title='bbox 1109 3498 1165 3561; x_wconf 88' lang='lat' dir='ltr'>tibi</span> 
     </span>
     <span class='ocr_line' id='line_1_39' title="bbox 248 3576 1164 3660; baseline 0.001 -20"><span class='ocrx_word' id='word_1_280' title='bbox 248 3576 327 3640; x_wconf 84' lang='lat' dir='ltr'>ultra</span> <span class='ocrx_word' id='word_1_281' title='bbox 347 3576 550 3642; x_wconf 86' lang='lat' dir='ltr'>evomendum</span> <span class='ocrx_word' id='word_1_282' title='bbox 573 3586 760 3659; x_wconf 83' lang='lat' dir='ltr'>superesset,</span> <span class='ocrx_word' id='word_1_283' title='bbox 778 3580 984 3646; x_wconf 55' lang='lat' dir='ltr'>,comminatus</span> <span class='ocrx_word' id='word_1_284' title='bbox 1007 3598 1057 3660; x_wconf 86' lang='lat' dir='ltr'>es,</span> <span class='ocrx_word' id='word_1_285' title='bbox 1081 3580 1164 3660; x_wconf 89' lang='lat' dir='ltr'>quod</span> 
     </span>
     <span class='ocr_line' id='line_1_40' title="bbox 249 3659 1166 3748; baseline 0.01 -32"><span class='ocrx_word' id='word_1_286' title='bbox 249 3659 351 3748; x_wconf 78' lang='lat' dir='ltr'>mein</span> <span class='ocrx_word' id='word_1_287' title='bbox 371 3667 528 3737; x_wconf 86' lang='lat' dir='ltr'>posterum</span> <span class='ocrx_word' id='word_1_288' title='bbox 558 3667 643 3725; x_wconf 85' lang='lat' dir='ltr'>tenta</span> <span class='ocrx_word' id='word_1_289' title='bbox 673 3661 825 3728; x_wconf 78' lang='lat' dir='ltr'>modestia</span> <span class='ocrx_word' id='word_1_290' title='bbox 854 3682 920 3729; x_wconf 87' lang='lat' dir='ltr'>nou</span> <span class='ocrx_word' id='word_1_291' title='bbox 947 3663 1084 3743; x_wconf 82' lang='lat' dir='ltr'>excipies</span> <span class='ocrx_word' id='word_1_292' title='bbox 1114 3664 1166 3743; x_wconf 87' lang='lat' dir='ltr'>(tc</span> 
     </span>
     <span class='ocr_line' id='line_1_41' title="bbox 250 3738 1164 3819; baseline 0.018 -24"><span class='ocrx_word' id='word_1_293' title='bbox 250 3756 332 3798; x_wconf 88' lang='lat' dir='ltr'>enun</span> <span class='ocrx_word' id='word_1_294' title='bbox 350 3738 401 3804; x_wconf 83' lang='lat' dir='ltr'>ais</span> <span class='ocrx_word' id='word_1_295' title='bbox 419 3740 619 3819; x_wconf 86' lang='lat' dir='ltr'>cohibuisti),</span> <span class='ocrx_word' id='word_1_296' title='bbox 648 3744 707 3808; x_wconf 86' lang='lat' dir='ltr'>nisi</span> <span class='ocrx_word' id='word_1_297' title='bbox 730 3746 889 3814; x_wconf 41' lang='lat' dir='ltr'>‘armatior</span> <span class='ocrx_word' id='word_1_298' title='bbox 907 3764 957 3811; x_wconf 81' lang='lat' dir='ltr'>me</span> <span class='ocrx_word' id='word_1_299' title='bbox 982 3744 1019 3811; x_wconf 77' lang='lat' dir='ltr'>in</span> <span class='ocrx_word' id='word_1_300' title='bbox 1038 3766 1164 3815; x_wconf 65' lang='lat' dir='ltr'>uenam</span> 
     </span>
    </p>
   </div>
   <div class='ocr_carea' id='block_1_6' title="bbox 313 3816 1164 3909">
    <p class='ocr_par' dir='ltr' id='par_1_8' title="bbox 313 3816 1164 3909">
     <span class='ocr_line' id='line_1_42' title="bbox 313 3816 1164 3909; baseline 0.02 -29"><span class='ocrx_word' id='word_1_301' title='bbox 313 3816 421 3884; x_wconf 66' lang='lat' dir='ltr'>‘ulern</span> <span class='ocrx_word' id='word_1_302' title='bbox 446 3820 487 3886; x_wconf 73' lang='lat' dir='ltr'>m</span> <span class='ocrx_word' id='word_1_303' title='bbox 509 3822 631 3903; x_wconf 84' lang='lat' dir='ltr'>quidem</span> <span class='ocrx_word' id='word_1_304' title='bbox 652 3826 783 3909; x_wconf 76' lang='lat' dir='ltr'>interim,</span> <span class='ocrx_word' id='word_1_305' title='bbox 796 3826 884 3909; x_wconf 74' lang='lat' dir='ltr'>&#39;quis</span> <span class='ocrx_word' id='word_1_306' title='bbox 899 3826 939 3895; x_wconf 89' lang='lat' dir='ltr'>de</span> <span class='ocrx_word' id='word_1_307' title='bbox 955 3828 1048 3907; x_wconf 65' lang='lat' dir='ltr'>,ermis</span> <span class='ocrx_word' id='word_1_308' title='bbox 1062 3847 1164 3899; x_wconf 73' lang='lat' dir='ltr'>sumo</span> 
     </span>
    </p>
   </div>
   <div class='ocr_carea' id='block_1_7' title="bbox 0 0 1307 4300">
    <p class='ocr_par' dir='ltr' id='par_1_9' title="bbox 0 0 1307 4300">
     <span class='ocr_line' id='line_1_43' title="bbox 0 0 1307 4300; baseline 0 0"><span class='ocrx_word' id='word_1_309' title='bbox 0 0 1307 4300; x_wconf 95' lang='lat' dir='ltr'> </span> 
     </span>
    </p>
   </div>
  </div>
 </body>
</html>
