2600 4300
391 360 548 430 καμοωίο
566 358 830 416 masmar-a
1004 353 1082 450 tet,
1135 435 1144 460 ι

328 557 563 716 Responsio
592 595 640 690 u.
668 589 889 688 mirarier
938 515 950 534 ⁰

156 789 262 854 lincis
306 793 519 873 saxoniae,
561 794 675 858 Sacri
714 794 873 876 Imperll
910 790 1068 854 illecto·

155 877 214 957 ris,
235 876 286 938 ad
307 876 525 961 Epistulam
550 881 661 960 (qnam
681 876 912 958 desideramus)
945 876 983 937 D.
1004 872 1069 936 lia·

186 959 360 1044 phaelis,
398 959 524 1023 Tituli
558 959 591 1026 Β.
618 959 783 1042 Georgii
821 957 868 1022 ad
898 959 1028 1020 velum

523 1063 687 1106 aureum.

227 1231 487 1294 Revereatissime
507 1234 539 1294 in
562 1231 683 1294 Christo
706 1231 812 1312 Pater,
833 1230 1017 1292 amicissime
1039 1235 1071 1292 et

150 1313 278 1376 Domine
307 1321 339 1378 et
371 1317 483 1396 amice,
513 1313 657 1378 Caritatis
683 1320 804 1377 vestrae
825 1313 949 1392 literas,
981 1313 1069 1395 datae

149 1395 263 1459 Romae
285 1395 336 1459 die
359 1395 404 1462 lii.
427 1399 552 1479 Aprilis,
575 1397 647 1458 mihi
670 1397 720 1460 die
742 1397 806 1460 Vll.
828 1395 902 1457 Julii
923 1393 1069 1477 redditas,

149 1490 178 1542 ut
200 1479 327 1562 perlegi,
349 1483 392 1542 ita
413 1492 551 1542 amanter
572 1501 592 1542 a
613 1480 748 1542 Caritate
775 1488 878 1542 vestra
899 1479 1006 1560 accepi
1026 1486 1069 1541 at·

148 1583 205 1646 que
226 1565 375 1644 intellexi,
398 1567 539 1641 maxime,
562 1563 645 1646 quud
667 1561 871 1645 adhnopatris
884 1564 943 1622 mei
965 1578 1069 1622 aman-

146 1647 255 1727 tissimi
275 1647 386 1712 beatae
408 1650 575 1708 memoriae
597 1647 783 1708 recordetur.
810 1641 853 1706 Pe
891 1651 963 1706 etuo
986 1647 1069 1709 eninr

146 1729 297 1792 honorem
330 1741 360 1791 et
388 1732 504 1814 optima
534 1748 676 1812 quaeque
704 1729 777 1789 mibi
811 1729 851 1790 de
918 1747 943 1790 r.
964 1737 1069 1790 vestra

145 1813 300 1894 pollicitus
322 1833 399 1892 sum,
422 1813 680 1894 quemadmodum
704 1812 772 1874 Gar.
795 1817 900 1873 vestra
931 1831 972 1873 ex
992 1814 1069 1873 maia

144 1897 294 1958 hactenus
322 1897 417 1957 literis
443 1895 533 1958 facile
565 1898 666 1978 putuit
686 1895 935 1975 deprehendere,
968 1913 1069 1979 neque

142 1979 290 2040 inferiora
311 1981 475 2040 etiamnum
504 1979 576 2042 mihi
604 1979 642 2040 de
671 1979 741 2043 Gar.
779 1988 881 2039 vestra
909 1977 1069 2059 polliceor,

142 2063 354 2146 paratissimus
390 2063 481 2126 etiam
508 2063 661 2141 vicissim,
690 2060 770 2134 Oars
784 2068 905 2122 vestrae
939 2063 1068 2144 gratim

142 2145 267 2208 referre.
309 2143 351 2207 Et
380 2147 524 2227 quoniam
558 2145 698 2207 intellexi
719 2143 787 2209 Oar.
810 2152 931 2206 vestrae
960 2146 1067 2207 nescio

141 2248 223 2311 qnae
257 2228 388 2293 adversa
418 2228 588 2309 accidisse,
622 2230 773 2313 gravatim
803 2229 902 2290 vicem
933 2236 1068 2289 neumam

141 2313 207 2375 tuli.

205 2394 297 2472 Quod
320 2397 345 2457 si
367 2414 415 2455 res
439 2396 560 2457 interim
573 2394 641 2458 Gar.
654 2402 777 2456 νοοίτοο
799 2394 942 2455 meliores
964 2394 1066 2455 iactae

141 2485 224 2547 sunt.
248 2498 312 2539 uon
335 2480 402 2539 sine
429 2498 541 2559 magna
561 2480 656 2539 animi
678 2478 880 2559 etroluptate
901 2485 933 2539 et
953 2478 1069 2538 laetitia

140 2560 361 2643 intelligerem.

230 2644 344 2723 Porro,
379 2663 459 2725 quae
480 2644 550 2711 Gar.
583 2651 686 2709 seara
718 2643 759 2709 de
779 2644 915 2705 Doctore
936 2644 1068 2707 llartino

139 2728 277 2790 Luthero
299 2726 413 2807 scribit,
435 2724 577 2809 cognovi.
612 2730 715 2808 ltaque
736 2726 855 2787 Caritas
876 2734 989 2807 νοοίη,
1000 2727 1068 2790 Deo

139 2812 287 2890 volente,
315 2824 473 2891 nunquam
494 2810 646 2892 intelliget
673 2821 723 2873 me
750 2828 840 2872 aecus
862 2809 1001 2874 murum
1022 2818 1070 2887 aa

140 2914 203 2974 que
226 2894 378 2964 utamur,
407 2894 481 2958 milri
503 2894 596 2961 etiam
617 2912 719 2973 neque
737 2895 874 2956 animum
895 2912 996 2974 neque
1016 2914 1069 2959 ro·

140 2978 295 3039 luntatenr
318 2976 410 3037 aliam
432 2978 515 3055 iore,
543 2996 636 3056 quum
665 2996 714 3037 me
740 2976 1004 3057 obtemperantem
1025 2986 1069 3039 at·

139 3080 204 3141 qne
228 3058 312 3121 dioto
334 3058 509 3121 audientem
531 3066 749 3121 sacrosanctae
770 3060 922 3138 ecclesiae
943 3060 1070 3123 catholi-

138 3142 330 3209 caedendi.
585 3183 586 3191 ί

227 3226 337 3307 Neque
358 3227 450 3289 etiem
462 3225 610 3289 lacteum
632 3237 766 3307 unquam
788 3226 862 3287 milri
882 3229 999 3308 sumpsi
1019 3225 1070 3291 vel

137 3311 261 3391 scripta
287 3310 338 3373 nal
357 3309 697 3375 ,condonesDootoris
723 3310 846 3372 Mardoi
870 3310 994 3372 tumori
1024 3318 1069 3373 tu*

138 3392 234 3473 endi,
270 3394 335 3457 iuro
363 3412 404 3455 ne
424 3392 520 3456 hodie
544 3392 677 3473 quidem
721 3391 986 3469 Quemadmodum
1008 3412 1069 3475 ego

137 3476 173 3539 id
196 3476 301 3557 ipsum
328 3478 420 3540 etiarn
455 3474 632 3559 pontificiae
653 3475 831 3542 &neuntio
857 3474 974 3557 Legata
997 3475 1068 3542 Gar·

137 3558 243 3623 diuali
264 3558 297 3623 S.
320 3557 409 3637 Sinti,
430 3560 494 3625 insu
516 3566 548 3621 et
567 3558 728 3641 pontificio
749 3558 862 3619 nuncio
874 3557 987 3623 Garolo
1002 3559 1069 3623 ltil-

138 3642 233 3723 utto,
251 3648 315 3705 mm
335 3641 445 3723 literis,
467 3648 530 3709 tum
549 3662 657 3708 coram
676 3640 800 3705 ostendi
821 3640 872 3721 *).

200 3882 232 3949 ·)
253 3881 286 3935 aa
305 3852 451 3933 maium
469 3874 589 3929 esrum.
609 3871 681 3929 nea
696 3872 731 3941 n,
749 3889 779 3943 p.
795 3871 859 3930 sm.
