<?xml version="1.0" encoding="UTF-8"?>
<!DOCTYPE html PUBLIC "-//W3C//DTD XHTML 1.0 Transitional//EN"
    "http://www.w3.org/TR/xhtml1/DTD/xhtml1-transitional.dtd">
<html xmlns="http://www.w3.org/1999/xhtml" xml:lang="en" lang="en">
 <head>
  <title>
</title>
<meta http-equiv="Content-Type" content="text/html;charset=utf-8" />
  <meta name='ocr-system' content='tesseract 3.04.00' />
  <meta name='ocr-capabilities' content='ocr_page ocr_carea ocr_par ocr_line ocrx_word'/>
</head>
<body>
  <div class='ocr_page' id='page_1' title='image "./operalatinavari06schmgoog_0513.png"; bbox 0 0 2600 4300; ppageno 0'>
   <div class='ocr_carea' id='block_1_1' title="bbox 380 325 1103 406">
    <p class='ocr_par' dir='ltr' id='par_1_1' title="bbox 380 325 1103 406">
     <span class='ocr_line' id='line_1_1' title="bbox 380 325 1103 406; baseline -0.007 -18"><span class='ocrx_word' id='word_1_1' title='bbox 380 336 478 388; x_wconf 86' lang='lat' dir='ltr'><strong>contra</strong></span> <span class='ocrx_word' id='word_1_2' title='bbox 495 331 561 388; x_wconf 74' lang='lat' dir='ltr'><strong>rtur</strong></span> <span class='ocrx_word' id='word_1_3' title='bbox 577 325 696 389; x_wconf 67' lang='lat' dir='ltr'><strong>initum</strong></span> <span class='ocrx_word' id='word_1_4' title='bbox 717 331 791 406; x_wconf 68' lang='lat' dir='ltr'><strong>norit</strong></span> <span class='ocrx_word' id='word_1_5' title='bbox 809 331 894 385; x_wconf 79' lang='lat' dir='ltr'><strong>ludio.</strong></span> <span class='ocrx_word' id='word_1_6' title='bbox 1043 327 1103 400; x_wconf 71' lang='lat' dir='ltr'><strong>5OE</strong></span> 
     </span>
    </p>
   </div>
   <div class='ocr_carea' id='block_1_2' title="bbox 178 457 1187 1741">
    <p class='ocr_par' dir='ltr' id='par_1_2' title="bbox 178 457 1187 1741">
     <span class='ocr_line' id='line_1_2' title="bbox 180 457 1107 587; baseline -0.003 -16"><span class='ocrx_word' id='word_1_7' title='bbox 180 525 267 587; x_wconf 73' lang='lat' dir='ltr'><strong>quus</strong></span> <span class='ocrx_word' id='word_1_8' title='bbox 291 503 439 570; x_wconf 51' lang='lat' dir='ltr'><strong>moetas</strong></span> <span class='ocrx_word' id='word_1_9' title='bbox 464 522 524 566; x_wconf 81' lang='lat' dir='ltr'><strong>nco</strong></span> <span class='ocrx_word' id='word_1_10' title='bbox 544 503 679 567; x_wconf 81' lang='lat' dir='ltr'><strong>retinere</strong></span> <span class='ocrx_word' id='word_1_11' title='bbox 692 457 699 494; x_wconf 73' lang='lat' dir='ltr'><strong>r</strong></span> <span class='ocrx_word' id='word_1_12' title='bbox 713 521 774 566; x_wconf 89' lang='lat' dir='ltr'><strong>uso</strong></span> <span class='ocrx_word' id='word_1_13' title='bbox 804 503 961 580; x_wconf 78' lang='lat' dir='ltr'><strong>remittere</strong></span> <span class='ocrx_word' id='word_1_14' title='bbox 994 508 1107 582; x_wconf 71' lang='lat' dir='ltr'><strong>potest</strong></span> 
     </span>
     <span class='ocr_line' id='line_1_3' title="bbox 180 585 1106 667; baseline -0.009 -13"><span class='ocrx_word' id='word_1_15' title='bbox 180 589 270 666; x_wconf 71' lang='lat' dir='ltr'><strong>Boot,</strong></span> <span class='ocrx_word' id='word_1_16' title='bbox 298 587 566 667; x_wconf 67' lang='lat' dir='ltr'><strong>quaerentium,</strong></span> <span class='ocrx_word' id='word_1_17' title='bbox 593 587 723 648; x_wconf 86' lang='lat' dir='ltr'><strong>remissa</strong></span> <span class='ocrx_word' id='word_1_18' title='bbox 744 594 822 667; x_wconf 86' lang='lat' dir='ltr'><strong>suut</strong></span> <span class='ocrx_word' id='word_1_19' title='bbox 852 585 922 650; x_wconf 86' lang='lat' dir='ltr'><strong>Non</strong></span> <span class='ocrx_word' id='word_1_20' title='bbox 955 586 1106 664; x_wconf 76' lang='lat' dir='ltr'><strong>sequitur:</strong></span> 
     </span>
     <span class='ocr_line' id='line_1_4' title="bbox 180 665 1107 752; baseline -0.004 -22"><span class='ocrx_word' id='word_1_21' title='bbox 180 672 252 752; x_wconf 73' lang='lat' dir='ltr'><strong>Ego</strong></span> <span class='ocrx_word' id='word_1_22' title='bbox 278 672 409 752; x_wconf 76' lang='lat' dir='ltr'><strong>ignosco</strong></span> <span class='ocrx_word' id='word_1_23' title='bbox 439 668 493 729; x_wconf 86' lang='lat' dir='ltr'><strong>tibi</strong></span> <span class='ocrx_word' id='word_1_24' title='bbox 522 669 645 745; x_wconf 85' lang='lat' dir='ltr'><strong>omniu,</strong></span> <span class='ocrx_word' id='word_1_25' title='bbox 679 687 759 748; x_wconf 80' lang='lat' dir='ltr'><strong>quas</strong></span> <span class='ocrx_word' id='word_1_26' title='bbox 797 667 870 730; x_wconf 84' lang='lat' dir='ltr'><strong>mihi</strong></span> <span class='ocrx_word' id='word_1_27' title='bbox 895 665 1107 743; x_wconf 79' lang='lat' dir='ltr'><strong>malefecisti,</strong></span> 
     </span>
     <span class='ocr_line' id='line_1_5' title="bbox 180 751 1106 831; baseline -0.001 -15"><span class='ocrx_word' id='word_1_28' title='bbox 180 755 255 818; x_wconf 78' lang='lat' dir='ltr'><strong>ideo</strong></span> <span class='ocrx_word' id='word_1_29' title='bbox 276 755 360 817; x_wconf 80' lang='lat' dir='ltr'><strong>Deus</strong></span> <span class='ocrx_word' id='word_1_30' title='bbox 382 753 489 814; x_wconf 85' lang='lat' dir='ltr'><strong>omuia</strong></span> <span class='ocrx_word' id='word_1_31' title='bbox 508 751 562 812; x_wconf 89' lang='lat' dir='ltr'><strong>tihi</strong></span> <span class='ocrx_word' id='word_1_32' title='bbox 584 751 711 820; x_wconf 78' lang='lat' dir='ltr'><strong>remisit.</strong></span> <span class='ocrx_word' id='word_1_33' title='bbox 734 751 784 814; x_wconf 88' lang='lat' dir='ltr'><strong>ita</strong></span> <span class='ocrx_word' id='word_1_34' title='bbox 802 769 875 815; x_wconf 56' lang='lat' dir='ltr'><strong>uou.</strong></span> <span class='ocrx_word' id='word_1_35' title='bbox 889 752 1035 831; x_wconf 88' lang='lat' dir='ltr'><strong>sequitur,</strong></span> <span class='ocrx_word' id='word_1_36' title='bbox 1058 769 1106 815; x_wconf 84' lang='lat' dir='ltr'><strong>ec·</strong></span> 
     </span>
     <span class='ocr_line' id='line_1_6' title="bbox 181 831 1105 914; baseline -0.006 -14"><span class='ocrx_word' id='word_1_37' title='bbox 181 838 279 910; x_wconf 79' lang='lat' dir='ltr'><strong>cissis</strong></span> <span class='ocrx_word' id='word_1_38' title='bbox 298 836 420 900; x_wconf 83' lang='lat' dir='ltr'><strong>remisit</strong></span> <span class='ocrx_word' id='word_1_39' title='bbox 438 834 509 911; x_wconf 87' lang='lat' dir='ltr'><strong>tibi,</strong></span> <span class='ocrx_word' id='word_1_40' title='bbox 537 853 617 913; x_wconf 76' lang='lat' dir='ltr'><strong>quse</strong></span> <span class='ocrx_word' id='word_1_41' title='bbox 639 831 815 912; x_wconf 83' lang='lat' dir='ltr'><strong>confiteris,</strong></span> <span class='ocrx_word' id='word_1_42' title='bbox 838 852 914 914; x_wconf 76' lang='lat' dir='ltr'><strong>ergo</strong></span> <span class='ocrx_word' id='word_1_43' title='bbox 938 834 1042 896; x_wconf 83' lang='lat' dir='ltr'><strong>omnia</strong></span> <span class='ocrx_word' id='word_1_44' title='bbox 1061 851 1105 896; x_wconf 83' lang='lat' dir='ltr'><strong>re·</strong></span> 
     </span>
     <span class='ocr_line' id='line_1_7' title="bbox 182 915 1103 996; baseline -0.007 -12"><span class='ocrx_word' id='word_1_45' title='bbox 182 921 279 984; x_wconf 78' lang='lat' dir='ltr'><strong>missa</strong></span> <span class='ocrx_word' id='word_1_46' title='bbox 299 925 380 995; x_wconf 84' lang='lat' dir='ltr'><strong>suut,</strong></span> <span class='ocrx_word' id='word_1_47' title='bbox 396 916 452 980; x_wconf 86' lang='lat' dir='ltr'><strong>sed</strong></span> <span class='ocrx_word' id='word_1_48' title='bbox 473 917 622 996; x_wconf 77' lang='lat' dir='ltr'><strong>reliquum</strong></span> <span class='ocrx_word' id='word_1_49' title='bbox 640 921 694 976; x_wconf 75' lang='lat' dir='ltr'><strong>ast</strong></span> <span class='ocrx_word' id='word_1_50' title='bbox 714 915 806 994; x_wconf 87' lang='lat' dir='ltr'><strong>illud:</strong></span> <span class='ocrx_word' id='word_1_51' title='bbox 830 915 951 980; x_wconf 77' lang='lat' dir='ltr'><strong>Delicta</strong></span> <span class='ocrx_word' id='word_1_52' title='bbox 972 917 1040 996; x_wconf 87' lang='lat' dir='ltr'><strong>quis</strong></span> <span class='ocrx_word' id='word_1_53' title='bbox 1061 917 1103 978; x_wconf 92' lang='lat' dir='ltr'><strong>iu·</strong></span> 
     </span>
     <span class='ocr_line' id='line_1_8' title="bbox 180 998 1187 1083; baseline -0.004 -20"><span class='ocrx_word' id='word_1_54' title='bbox 180 1001 319 1083; x_wconf 80' lang='lat' dir='ltr'>telligit?</span> <span class='ocrx_word' id='word_1_55' title='bbox 341 1007 373 1062; x_wconf 88' lang='lat' dir='ltr'><strong>ct</strong></span> <span class='ocrx_word' id='word_1_56' title='bbox 393 999 468 1060; x_wconf 89' lang='lat' dir='ltr'><strong>illud</strong></span> <span class='ocrx_word' id='word_1_57' title='bbox 489 999 612 1074; x_wconf 53' lang='lat' dir='ltr'><strong>John:</strong></span> <span class='ocrx_word' id='word_1_58' title='bbox 634 998 772 1060; x_wconf 76' lang='lat' dir='ltr'>Verebar</span> <span class='ocrx_word' id='word_1_59' title='bbox 794 999 1008 1078; x_wconf 73' lang='lat' dir='ltr'><strong>omniaopsra</strong></span> <span class='ocrx_word' id='word_1_60' title='bbox 1029 1017 1107 1062; x_wconf 78' lang='lat' dir='ltr'><strong>mea</strong></span> <span class='ocrx_word' id='word_1_61' title='bbox 1184 1037 1187 1050; x_wconf 75' lang='lat'><em>‹</em></span> 
     </span>
     <span class='ocr_line' id='line_1_9' title="bbox 179 1079 1107 1162; baseline -0.008 -14"><span class='ocrx_word' id='word_1_62' title='bbox 179 1085 254 1148; x_wconf 73' lang='lat' dir='ltr'><strong>Nou</strong></span> <span class='ocrx_word' id='word_1_63' title='bbox 275 1085 375 1146; x_wconf 81' lang='lat' dir='ltr'><strong>estin</strong></span> <span class='ocrx_word' id='word_1_64' title='bbox 396 1083 532 1143; x_wconf 88' lang='lat' dir='ltr'><strong>ecclesia</strong></span> <span class='ocrx_word' id='word_1_65' title='bbox 551 1081 719 1162; x_wconf 81' lang='lat' dir='ltr'>negotium,</span> <span class='ocrx_word' id='word_1_66' title='bbox 742 1081 825 1161; x_wconf 88' lang='lat' dir='ltr'><strong>quod</strong></span> <span class='ocrx_word' id='word_1_67' title='bbox 849 1100 949 1160; x_wconf 84' lang='lat' dir='ltr'><strong>aeque</strong></span> <span class='ocrx_word' id='word_1_68' title='bbox 972 1088 1007 1142; x_wconf 89' lang='lat' dir='ltr'><strong>ut</strong></span> <span class='ocrx_word' id='word_1_69' title='bbox 1026 1079 1107 1142; x_wconf 90' lang='lat' dir='ltr'><strong>istud</strong></span> 
     </span>
     <span class='ocr_line' id='line_1_10' title="bbox 181 1163 1106 1245; baseline -0.008 -13"><span class='ocrx_word' id='word_1_70' title='bbox 181 1167 388 1232; x_wconf 74' lang='lat' dir='ltr'><strong>muaseiouis</strong></span> <span class='ocrx_word' id='word_1_71' title='bbox 417 1171 451 1228; x_wconf 83' lang='lat' dir='ltr'><strong>at</strong></span> <span class='ocrx_word' id='word_1_72' title='bbox 479 1165 689 1244; x_wconf 69' lang='lat' dir='ltr'><strong>poenitentiae</strong></span> <span class='ocrx_word' id='word_1_73' title='bbox 719 1163 859 1245; x_wconf 76' lang='lat' dir='ltr'>indigeat</span> <span class='ocrx_word' id='word_1_74' title='bbox 879 1165 1106 1230; x_wconf 67' lang='lat' dir='ltr'><strong>reformatione.</strong></span> 
     </span>
     <span class='ocr_line' id='line_1_11' title="bbox 178 1247 1108 1326; baseline -0.002 -16"><span class='ocrx_word' id='word_1_75' title='bbox 178 1250 263 1314; x_wconf 69' lang='lat' dir='ltr'><strong>nm</strong></span> <span class='ocrx_word' id='word_1_76' title='bbox 282 1250 335 1316; x_wconf 85' lang='lat' dir='ltr'><strong>hic</strong></span> <span class='ocrx_word' id='word_1_77' title='bbox 356 1267 464 1310; x_wconf 86' lang='lat' dir='ltr'><strong>omues</strong></span> <span class='ocrx_word' id='word_1_78' title='bbox 486 1247 592 1326; x_wconf 81' lang='lat' dir='ltr'><strong>teges,</strong></span> <span class='ocrx_word' id='word_1_79' title='bbox 615 1253 771 1326; x_wconf 78' lang='lat' dir='ltr'>quaestus,</span> <span class='ocrx_word' id='word_1_80' title='bbox 793 1248 849 1323; x_wconf 83' lang='lat' dir='ltr'><strong>vis,</strong></span> <span class='ocrx_word' id='word_1_81' title='bbox 872 1248 1027 1326; x_wconf 79' lang='lat' dir='ltr'><strong>tyrannis,</strong></span> <span class='ocrx_word' id='word_1_82' title='bbox 1063 1265 1108 1313; x_wconf 80' lang='lat' dir='ltr'><strong>sr-</strong></span> 
     </span>
     <span class='ocr_line' id='line_1_12' title="bbox 179 1329 1104 1412; baseline -0.002 -20"><span class='ocrx_word' id='word_1_83' title='bbox 179 1353 254 1412; x_wconf 74' lang='lat' dir='ltr'><strong>usu,</strong></span> <span class='ocrx_word' id='word_1_84' title='bbox 278 1330 431 1412; x_wconf 76' lang='lat' dir='ltr'><strong>pericula,</strong></span> <span class='ocrx_word' id='word_1_85' title='bbox 463 1337 495 1393; x_wconf 86' lang='lat' dir='ltr'><strong>et</strong></span> <span class='ocrx_word' id='word_1_86' title='bbox 514 1330 633 1392; x_wconf 86' lang='lat' dir='ltr'><strong>infinita</strong></span> <span class='ocrx_word' id='word_1_87' title='bbox 662 1329 744 1390; x_wconf 84' lang='lat' dir='ltr'><strong>mals</strong></span> <span class='ocrx_word' id='word_1_88' title='bbox 766 1331 902 1390; x_wconf 87' lang='lat' dir='ltr'><strong>omnium</strong></span> <span class='ocrx_word' id='word_1_89' title='bbox 925 1331 1104 1404; x_wconf 68' lang='lat' dir='ltr'><strong>animarum.</strong></span> 
     </span>
     <span class='ocr_line' id='line_1_13' title="bbox 179 1409 1106 1494; baseline -0.006 -16"><span class='ocrx_word' id='word_1_90' title='bbox 179 1423 214 1480; x_wconf 82' lang='lat' dir='ltr'><strong>ut</strong></span> <span class='ocrx_word' id='word_1_91' title='bbox 234 1417 329 1478; x_wconf 80' lang='lat' dir='ltr'><strong>totius</strong></span> <span class='ocrx_word' id='word_1_92' title='bbox 350 1413 502 1475; x_wconf 83' lang='lat' dir='ltr'><strong>ecclesius</strong></span> <span class='ocrx_word' id='word_1_93' title='bbox 529 1417 708 1494; x_wconf 81' lang='lat' dir='ltr'><strong>grassantur</strong></span> <span class='ocrx_word' id='word_1_94' title='bbox 737 1412 831 1492; x_wconf 88' lang='lat' dir='ltr'><strong>plcuo</strong></span> <span class='ocrx_word' id='word_1_95' title='bbox 861 1411 993 1491; x_wconf 86' lang='lat' dir='ltr'><strong>impetu,</strong></span> <span class='ocrx_word' id='word_1_96' title='bbox 1024 1409 1106 1492; x_wconf 82' lang='lat' dir='ltr'><strong>quod</strong></span> 
     </span>
     <span class='ocr_line' id='line_1_14' title="bbox 178 1493 1106 1579; baseline -0.002 -18"><span class='ocrx_word' id='word_1_97' title='bbox 178 1496 347 1579; x_wconf 65' lang='lat' dir='ltr'><strong>maures</strong></span> <span class='ocrx_word' id='word_1_98' title='bbox 368 1515 477 1576; x_wconf 74' lang='lat' dir='ltr'><strong>parum</strong></span> <span class='ocrx_word' id='word_1_99' title='bbox 499 1502 617 1570; x_wconf 82' lang='lat' dir='ltr'><strong>curant,</strong></span> <span class='ocrx_word' id='word_1_100' title='bbox 639 1501 672 1555; x_wconf 86' lang='lat' dir='ltr'><strong>at</strong></span> <span class='ocrx_word' id='word_1_101' title='bbox 691 1493 837 1574; x_wconf 83' lang='lat' dir='ltr'><strong>sophistis</strong></span> <span class='ocrx_word' id='word_1_102' title='bbox 861 1496 1033 1558; x_wconf 73' lang='lat' dir='ltr'><strong>animarum</strong></span> <span class='ocrx_word' id='word_1_103' title='bbox 1047 1500 1106 1558; x_wconf 76' lang='lat' dir='ltr'><strong>tut·</strong></span> 
     </span>
     <span class='ocr_line' id='line_1_15' title="bbox 178 1575 1106 1658; baseline -0.011 -13"><span class='ocrx_word' id='word_1_104' title='bbox 178 1580 303 1646; x_wconf 78' lang='lat' dir='ltr'><strong>toribus</strong></span> <span class='ocrx_word' id='word_1_105' title='bbox 319 1579 505 1658; x_wconf 79' lang='lat' dir='ltr'><strong>relinquunt.</strong></span> <span class='ocrx_word' id='word_1_106' title='bbox 528 1577 620 1654; x_wconf 79' lang='lat' dir='ltr'><strong>Quod</strong></span> <span class='ocrx_word' id='word_1_107' title='bbox 640 1577 761 1658; x_wconf 75' lang='lat' dir='ltr'><strong>iuterim</strong></span> <span class='ocrx_word' id='word_1_108' title='bbox 784 1596 852 1640; x_wconf 89' lang='lat' dir='ltr'><strong>cum</strong></span> <span class='ocrx_word' id='word_1_109' title='bbox 876 1577 1002 1640; x_wconf 83' lang='lat' dir='ltr'><strong>inscitia</strong></span> <span class='ocrx_word' id='word_1_110' title='bbox 1021 1575 1106 1636; x_wconf 81' lang='lat' dir='ltr'><strong>Eucii</strong></span> 
     </span>
     <span class='ocr_line' id='line_1_16' title="bbox 178 1663 635 1741; baseline -0.009 -15"><span class='ocrx_word' id='word_1_111' title='bbox 178 1668 321 1737; x_wconf 58' lang='lat' dir='ltr'><strong>&amp;cnseat</strong></span> <span class='ocrx_word' id='word_1_112' title='bbox 338 1663 372 1724; x_wconf 89' lang='lat' dir='ltr'><strong>iu</strong></span> <span class='ocrx_word' id='word_1_113' title='bbox 395 1667 516 1741; x_wconf 86' lang='lat' dir='ltr'><strong>tempus</strong></span> <span class='ocrx_word' id='word_1_114' title='bbox 537 1681 635 1723; x_wconf 85' lang='lat' dir='ltr'><strong>suum.</strong></span> 
     </span>
    </p>
   </div>
   <div class='ocr_carea' id='block_1_3' title="bbox 441 1787 845 1849">
    <p class='ocr_par' dir='ltr' id='par_1_3' title="bbox 441 1787 845 1849">
     <span class='ocr_line' id='line_1_17' title="bbox 441 1787 845 1849; baseline 0 0"><span class='ocrx_word' id='word_1_115' title='bbox 441 1787 646 1849; x_wconf 81' lang='lat' dir='ltr'><strong>Articulus</strong></span> <span class='ocrx_word' id='word_1_116' title='bbox 669 1794 845 1849; x_wconf 80' lang='lat' dir='ltr'><strong>octavus.</strong></span> 
     </span>
    </p>
   </div>
   <div class='ocr_carea' id='block_1_4' title="bbox 224 1910 1064 2061">
    <p class='ocr_par' dir='ltr' id='par_1_4' title="bbox 224 1910 1064 2061">
     <span class='ocr_line' id='line_1_18' title="bbox 224 1910 1064 2053; baseline -0.011 -73"><span class='ocrx_word' id='word_1_117' title='bbox 224 1918 370 2010; x_wconf 65' lang='lat' dir='ltr'><strong>tinctas</strong></span> <span class='ocrx_word' id='word_1_118' title='bbox 401 1911 480 1972; x_wconf 81' lang='lat' dir='ltr'><strong>dixit</strong></span> <span class='ocrx_word' id='word_1_119' title='bbox 510 1910 624 2053; x_wconf 45' lang='lat' dir='ltr'><strong>deffere</strong></span> <span class='ocrx_word' id='word_1_120' title='bbox 652 1915 838 2010; x_wconf 28' lang='lat' dir='ltr'><strong>‘avaritiam</strong></span> <span class='ocrx_word' id='word_1_121' title='bbox 871 1911 1064 1995; x_wconf 70' lang='lat' dir='ltr'><strong>superbiam,</strong></span> 
     </span>
     <span class='ocr_line' id='line_1_19' title="bbox 571 2014 722 2061; baseline 0.033 -6"><span class='ocrx_word' id='word_1_122' title='bbox 571 2014 722 2061; x_wconf 69' lang='lat' dir='ltr'><strong>murram.</strong></span> 
     </span>
    </p>
   </div>
   <div class='ocr_carea' id='block_1_5' title="bbox 178 2120 1166 3343">
    <p class='ocr_par' dir='ltr' id='par_1_5' title="bbox 178 2120 1166 3343">
     <span class='ocr_line' id='line_1_20' title="bbox 265 2120 1105 2202; baseline -0.006 -14"><span class='ocrx_word' id='word_1_123' title='bbox 265 2125 387 2194; x_wconf 82' lang='lat' dir='ltr'><strong>Clarum</strong></span> <span class='ocrx_word' id='word_1_124' title='bbox 411 2127 478 2202; x_wconf 87' lang='lat' dir='ltr'><strong>est,</strong></span> <span class='ocrx_word' id='word_1_125' title='bbox 500 2120 608 2185; x_wconf 82' lang='lat' dir='ltr'><strong>fratres</strong></span> <span class='ocrx_word' id='word_1_126' title='bbox 630 2123 707 2185; x_wconf 87' lang='lat' dir='ltr'><strong>istos</strong></span> <span class='ocrx_word' id='word_1_127' title='bbox 730 2141 799 2187; x_wconf 88' lang='lat' dir='ltr'><strong>esse</strong></span> <span class='ocrx_word' id='word_1_128' title='bbox 823 2121 995 2187; x_wconf 79' lang='lat' dir='ltr'><strong>mendaces.</strong></span> <span class='ocrx_word' id='word_1_129' title='bbox 1059 2123 1105 2183; x_wconf 92' lang='lat' dir='ltr'><strong>uis</strong></span> 
     </span>
     <span class='ocr_line' id='line_1_21' title="bbox 181 2202 1108 2286; baseline -0.009 -13"><span class='ocrx_word' id='word_1_130' title='bbox 181 2212 267 2273; x_wconf 87' lang='lat' dir='ltr'><strong>enim</strong></span> <span class='ocrx_word' id='word_1_131' title='bbox 287 2212 332 2271; x_wconf 85' lang='lat' dir='ltr'><strong>ita</strong></span> <span class='ocrx_word' id='word_1_132' title='bbox 352 2206 496 2282; x_wconf 76' lang='lat' dir='ltr'><strong>insaniat,</strong></span> <span class='ocrx_word' id='word_1_133' title='bbox 518 2210 551 2266; x_wconf 92' lang='lat' dir='ltr'><strong>ut</strong></span> <span class='ocrx_word' id='word_1_134' title='bbox 568 2204 648 2269; x_wconf 84' lang='lat' dir='ltr'><strong>liaeo</strong></span> <span class='ocrx_word' id='word_1_135' title='bbox 667 2202 774 2269; x_wconf 83' lang='lat' dir='ltr'><strong>dicat?</strong></span> <span class='ocrx_word' id='word_1_136' title='bbox 795 2204 861 2269; x_wconf 84' lang='lat' dir='ltr'><strong>Nisi</strong></span> <span class='ocrx_word' id='word_1_137' title='bbox 873 2206 953 2267; x_wconf 86' lang='lat' dir='ltr'><strong>sorte</strong></span> <span class='ocrx_word' id='word_1_138' title='bbox 964 2206 1023 2267; x_wconf 86' lang='lat' dir='ltr'><strong>ists</strong></span> <span class='ocrx_word' id='word_1_139' title='bbox 1078 2222 1108 2286; x_wconf 69' lang='lat' dir='ltr'><strong>e3</strong></span> 
     </span>
     <span class='ocr_line' id='line_1_22' title="bbox 179 2288 1104 2373; baseline -0.009 -18"><span class='ocrx_word' id='word_1_140' title='bbox 179 2296 220 2355; x_wconf 87' lang='lat' dir='ltr'><strong>rit</strong></span> <span class='ocrx_word' id='word_1_141' title='bbox 244 2290 433 2373; x_wconf 83' lang='lat' dir='ltr'><strong>disputatio,</strong></span> <span class='ocrx_word' id='word_1_142' title='bbox 468 2288 549 2367; x_wconf 92' lang='lat' dir='ltr'><strong>quod</strong></span> <span class='ocrx_word' id='word_1_143' title='bbox 578 2289 631 2350; x_wconf 85' lang='lat' dir='ltr'><strong>lex</strong></span> <span class='ocrx_word' id='word_1_144' title='bbox 655 2294 703 2351; x_wconf 87' lang='lat' dir='ltr'><strong>est</strong></span> <span class='ocrx_word' id='word_1_145' title='bbox 722 2292 816 2351; x_wconf 86' lang='lat' dir='ltr'><strong>virtus</strong></span> <span class='ocrx_word' id='word_1_146' title='bbox 839 2290 974 2371; x_wconf 82' lang='lat' dir='ltr'><strong>peccati,</strong></span> <span class='ocrx_word' id='word_1_147' title='bbox 998 2293 1028 2347; x_wconf 85' lang='lat' dir='ltr'><strong>et</strong></span> <span class='ocrx_word' id='word_1_148' title='bbox 1048 2304 1104 2369; x_wconf 86' lang='lat' dir='ltr'><strong>per</strong></span> 
     </span>
     <span class='ocr_line' id='line_1_23' title="bbox 178 2370 1102 2459; baseline -0.009 -21"><span class='ocrx_word' id='word_1_149' title='bbox 178 2373 283 2459; x_wconf 84' lang='lat' dir='ltr'><strong>legem</strong></span> <span class='ocrx_word' id='word_1_150' title='bbox 305 2378 468 2457; x_wconf 86' lang='lat' dir='ltr'><strong>peccatum</strong></span> <span class='ocrx_word' id='word_1_151' title='bbox 490 2379 628 2459; x_wconf 77' lang='lat' dir='ltr'><strong>augetur.</strong></span> <span class='ocrx_word' id='word_1_152' title='bbox 657 2372 759 2453; x_wconf 86' lang='lat' dir='ltr'><strong>Atque</strong></span> <span class='ocrx_word' id='word_1_153' title='bbox 780 2374 825 2433; x_wconf 92' lang='lat' dir='ltr'><strong>sic</strong></span> <span class='ocrx_word' id='word_1_154' title='bbox 846 2372 954 2433; x_wconf 80' lang='lat' dir='ltr'><strong>iratres</strong></span> <span class='ocrx_word' id='word_1_155' title='bbox 975 2370 1102 2431; x_wconf 84' lang='lat' dir='ltr'><strong>verbum</strong></span> 
     </span>
     <span class='ocr_line' id='line_1_24' title="bbox 179 2452 1102 2539; baseline -0.01 -19"><span class='ocrx_word' id='word_1_156' title='bbox 179 2458 296 2521; x_wconf 84' lang='lat' dir='ltr'><strong>docere</strong></span> <span class='ocrx_word' id='word_1_157' title='bbox 317 2459 497 2539; x_wconf 81' lang='lat' dir='ltr'><strong>posueruut,</strong></span> <span class='ocrx_word' id='word_1_158' title='bbox 520 2473 576 2533; x_wconf 91' lang='lat' dir='ltr'><strong>pro</strong></span> <span class='ocrx_word' id='word_1_159' title='bbox 599 2472 739 2517; x_wconf 79' lang='lat' dir='ltr'><strong>caussam</strong></span> <span class='ocrx_word' id='word_1_160' title='bbox 763 2474 840 2516; x_wconf 88' lang='lat' dir='ltr'><strong>esse.</strong></span> <span class='ocrx_word' id='word_1_161' title='bbox 874 2452 954 2515; x_wconf 84' lang='lat' dir='ltr'><strong>Nam</strong></span> <span class='ocrx_word' id='word_1_162' title='bbox 971 2452 1033 2513; x_wconf 89' lang='lat' dir='ltr'><strong>hoc</strong></span> <span class='ocrx_word' id='word_1_163' title='bbox 1053 2467 1102 2512; x_wconf 81' lang='lat' dir='ltr'><strong>ve-</strong></span> 
     </span>
     <span class='ocr_line' id='line_1_25' title="bbox 178 2534 1104 2619; baseline -0.011 -16"><span class='ocrx_word' id='word_1_164' title='bbox 178 2561 246 2603; x_wconf 86' lang='lat' dir='ltr'><strong>rum</strong></span> <span class='ocrx_word' id='word_1_165' title='bbox 271 2546 334 2619; x_wconf 65' lang='lat' dir='ltr'><strong>est,</strong></span> <span class='ocrx_word' id='word_1_166' title='bbox 365 2536 447 2617; x_wconf 90' lang='lat' dir='ltr'><strong>quod</strong></span> <span class='ocrx_word' id='word_1_167' title='bbox 480 2534 690 2616; x_wconf 74' lang='lat' dir='ltr'><strong>multiplicatis</strong></span> <span class='ocrx_word' id='word_1_168' title='bbox 718 2536 837 2619; x_wconf 81' lang='lat' dir='ltr'><strong>legibus</strong></span> <span class='ocrx_word' id='word_1_169' title='bbox 866 2534 1104 2615; x_wconf 83' lang='lat' dir='ltr'><strong>multiplicantur</strong></span> 
     </span>
     <span class='ocr_line' id='line_1_26' title="bbox 179 2616 1101 2707; baseline -0.01 -21"><span class='ocrx_word' id='word_1_170' title='bbox 179 2628 330 2707; x_wconf 66' lang='lat' dir='ltr'><strong>peccatur</strong></span> <span class='ocrx_word' id='word_1_171' title='bbox 357 2620 429 2681; x_wconf 89' lang='lat' dir='ltr'><strong>ideo</strong></span> <span class='ocrx_word' id='word_1_172' title='bbox 461 2617 703 2682; x_wconf 72' lang='lat' dir='ltr'><strong>infelicissimum</strong></span> <span class='ocrx_word' id='word_1_173' title='bbox 740 2638 837 2703; x_wconf 85' lang='lat' dir='ltr'><strong>genus</strong></span> <span class='ocrx_word' id='word_1_174' title='bbox 872 2616 1101 2681; x_wconf 88' lang='lat' dir='ltr'><strong>administrandi</strong></span> 
     </span>
     <span class='ocr_line' id='line_1_27' title="bbox 180 2698 1103 2787; baseline -0.01 -19"><span class='ocrx_word' id='word_1_175' title='bbox 180 2713 253 2785; x_wconf 40' lang='lat' dir='ltr'><strong>est,‚</strong></span> <span class='ocrx_word' id='word_1_176' title='bbox 276 2702 395 2787; x_wconf 81' lang='lat' dir='ltr'><strong>legibus</strong></span> <span class='ocrx_word' id='word_1_177' title='bbox 426 2700 633 2781; x_wconf 83' lang='lat' dir='ltr'><strong>multiplicatis</strong></span> <span class='ocrx_word' id='word_1_178' title='bbox 665 2702 829 2763; x_wconf 83' lang='lat' dir='ltr'><strong>ecelesiam</strong></span> <span class='ocrx_word' id='word_1_179' title='bbox 851 2698 960 2763; x_wconf 78' lang='lat' dir='ltr'><strong>Christi</strong></span> <span class='ocrx_word' id='word_1_180' title='bbox 989 2698 1103 2765; x_wconf 86' lang='lat' dir='ltr'><strong>liberri-</strong></span> 
     </span>
     <span class='ocr_line' id='line_1_28' title="bbox 180 2780 1166 2862; baseline -0.011 -13"><span class='ocrx_word' id='word_1_181' title='bbox 180 2806 264 2851; x_wconf 85' lang='lat' dir='ltr'><strong>mam</strong></span> <span class='ocrx_word' id='word_1_182' title='bbox 287 2802 427 2849; x_wconf 77' lang='lat' dir='ltr'><strong>onerare.</strong></span> <span class='ocrx_word' id='word_1_183' title='bbox 460 2782 568 2862; x_wconf 84' lang='lat' dir='ltr'><strong>Neque</strong></span> <span class='ocrx_word' id='word_1_184' title='bbox 597 2786 676 2844; x_wconf 89' lang='lat' dir='ltr'><strong>enim</strong></span> <span class='ocrx_word' id='word_1_185' title='bbox 699 2784 840 2846; x_wconf 81' lang='lat' dir='ltr'><strong>Romana</strong></span> <span class='ocrx_word' id='word_1_186' title='bbox 873 2782 956 2843; x_wconf 90' lang='lat' dir='ltr'><strong>curia</strong></span> <span class='ocrx_word' id='word_1_187' title='bbox 982 2780 1043 2843; x_wconf 83' lang='lat' dir='ltr'><strong>ulia</strong></span> <span class='ocrx_word' id='word_1_188' title='bbox 1070 2786 1104 2841; x_wconf 80' lang='lat' dir='ltr'><strong>rs</strong></span> <span class='ocrx_word' id='word_1_189' title='bbox 1163 2832 1166 2837; x_wconf 92' lang='lat'><strong>.</strong></span> 
     </span>
     <span class='ocr_line' id='line_1_29' title="bbox 180 2860 1104 2947; baseline -0.011 -14"><span class='ocrx_word' id='word_1_190' title='bbox 180 2890 232 2933; x_wconf 84' lang='lat' dir='ltr'><strong>rna</strong></span> <span class='ocrx_word' id='word_1_191' title='bbox 256 2860 281 2931; x_wconf 88' lang='lat' dir='ltr'><strong>is</strong></span> <span class='ocrx_word' id='word_1_192' title='bbox 303 2868 411 2931; x_wconf 87' lang='lat' dir='ltr'><strong>nocuit</strong></span> <span class='ocrx_word' id='word_1_193' title='bbox 431 2864 584 2928; x_wconf 83' lang='lat' dir='ltr'><strong>ecciesiae</strong></span> <span class='ocrx_word' id='word_1_194' title='bbox 606 2862 726 2945; x_wconf 73' lang='lat' dir='ltr'><strong>Christi,</strong></span> <span class='ocrx_word' id='word_1_195' title='bbox 750 2886 840 2947; x_wconf 87' lang='lat' dir='ltr'><strong>quum</strong></span> <span class='ocrx_word' id='word_1_196' title='bbox 860 2860 1052 2927; x_wconf 85' lang='lat' dir='ltr'><strong>multitudine</strong></span> <span class='ocrx_word' id='word_1_197' title='bbox 1074 2871 1104 2925; x_wconf 90' lang='lat' dir='ltr'><strong>et</strong></span> 
     </span>
     <span class='ocr_line' id='line_1_30' title="bbox 180 2891 1103 3033; baseline -0.008 -19"><span class='ocrx_word' id='word_1_198' title='bbox 180 2891 335 3015; x_wconf 58' lang='lat' dir='ltr'><strong>varietate</strong></span> <span class='ocrx_word' id='word_1_199' title='bbox 354 2950 459 3033; x_wconf 84' lang='lat' dir='ltr'><strong>legum</strong></span> <span class='ocrx_word' id='word_1_200' title='bbox 482 2968 627 3028; x_wconf 83' lang='lat' dir='ltr'><strong>suarum,</strong></span> <span class='ocrx_word' id='word_1_201' title='bbox 658 2968 736 3031; x_wconf 71' lang='lat' dir='ltr'><strong>quae</strong></span> <span class='ocrx_word' id='word_1_202' title='bbox 765 2948 838 3011; x_wconf 88' lang='lat' dir='ltr'><strong>mihi</strong></span> <span class='ocrx_word' id='word_1_203' title='bbox 871 2946 1015 3008; x_wconf 88' lang='lat' dir='ltr'><strong>videntur</strong></span> <span class='ocrx_word' id='word_1_204' title='bbox 1035 2952 1103 3009; x_wconf 85' lang='lat' dir='ltr'><strong>esse</strong></span> 
     </span>
     <span class='ocr_line' id='line_1_31' title="bbox 181 3030 1105 3111; baseline -0.006 -14"><span class='ocrx_word' id='word_1_205' title='bbox 181 3035 351 3097; x_wconf 84' lang='lat' dir='ltr'><strong>novissima</strong></span> <span class='ocrx_word' id='word_1_206' title='bbox 374 3038 405 3093; x_wconf 84' lang='lat' dir='ltr'><strong>et</strong></span> <span class='ocrx_word' id='word_1_207' title='bbox 426 3032 561 3092; x_wconf 87' lang='lat' dir='ltr'><strong>omnium</strong></span> <span class='ocrx_word' id='word_1_208' title='bbox 583 3034 718 3093; x_wconf 80' lang='lat' dir='ltr'><strong>maxima</strong></span> <span class='ocrx_word' id='word_1_209' title='bbox 739 3031 923 3111; x_wconf 87' lang='lat' dir='ltr'><strong>persecutio,</strong></span> <span class='ocrx_word' id='word_1_210' title='bbox 946 3035 979 3089; x_wconf 90' lang='lat' dir='ltr'><strong>ut</strong></span> <span class='ocrx_word' id='word_1_211' title='bbox 999 3030 1105 3109; x_wconf 82' lang='lat' dir='ltr'><strong>inqua</strong></span> 
     </span>
     <span class='ocr_line' id='line_1_32' title="bbox 180 3110 1103 3198; baseline -0.009 -19"><span class='ocrx_word' id='word_1_212' title='bbox 180 3116 391 3179; x_wconf 75' lang='lat' dir='ltr'><strong>totimefitae</strong></span> <span class='ocrx_word' id='word_1_213' title='bbox 420 3115 630 3175; x_wconf 85' lang='lat' dir='ltr'><strong>conscientiae</strong></span> <span class='ocrx_word' id='word_1_214' title='bbox 658 3121 788 3197; x_wconf 87' lang='lat' dir='ltr'><strong>pereant</strong></span> <span class='ocrx_word' id='word_1_215' title='bbox 817 3110 1103 3198; x_wconf 77' lang='lat' dir='ltr'><strong>irrecuperabiliter,</strong></span> 
     </span>
     <span class='ocr_line' id='line_1_33' title="bbox 181 3192 1103 3281; baseline -0.009 -20"><span class='ocrx_word' id='word_1_216' title='bbox 181 3208 217 3261; x_wconf 89' lang='lat' dir='ltr'><strong>ut</strong></span> <span class='ocrx_word' id='word_1_217' title='bbox 236 3200 443 3281; x_wconf 87' lang='lat' dir='ltr'><strong>turpissimum</strong></span> <span class='ocrx_word' id='word_1_218' title='bbox 473 3202 632 3277; x_wconf 85' lang='lat' dir='ltr'><strong>quaestum</strong></span> <span class='ocrx_word' id='word_1_219' title='bbox 662 3197 786 3277; x_wconf 82' lang='lat' dir='ltr'><strong>ssseum,</strong></span> <span class='ocrx_word' id='word_1_220' title='bbox 815 3196 865 3275; x_wconf 89' lang='lat' dir='ltr'><strong>qui</strong></span> <span class='ocrx_word' id='word_1_221' title='bbox 896 3192 1015 3275; x_wconf 83' lang='lat' dir='ltr'><strong>tegibus</strong></span> <span class='ocrx_word' id='word_1_222' title='bbox 1036 3194 1103 3253; x_wconf 86' lang='lat' dir='ltr'><strong>istis</strong></span> 
     </span>
     <span class='ocr_line' id='line_1_34' title="bbox 182 3282 283 3343; baseline 0 0"><span class='ocrx_word' id='word_1_223' title='bbox 182 3282 283 3343; x_wconf 79' lang='lat' dir='ltr'><strong>alitur.</strong></span> 
     </span>
    </p>
   </div>
   <div class='ocr_carea' id='block_1_6' title="bbox 233 3378 1054 3619">
    <p class='ocr_par' dir='ltr' id='par_1_6' title="bbox 233 3378 1054 3619">
     <span class='ocr_line' id='line_1_35' title="bbox 341 3378 841 3445; baseline 0.008 -6"><span class='ocrx_word' id='word_1_224' title='bbox 341 3436 344 3439; x_wconf 81' lang='grc'>,</span> <span class='ocrx_word' id='word_1_225' title='bbox 462 3378 675 3445; x_wconf 81' lang='lat' dir='ltr'><strong>Articulus</strong></span> <span class='ocrx_word' id='word_1_226' title='bbox 707 3402 841 3445; x_wconf 89' lang='lat' dir='ltr'><strong>nouus.</strong></span> 
     </span>
     <span class='ocr_line' id='line_1_36' title="bbox 233 3506 1054 3619; baseline -0.001 -51"><span class='ocrx_word' id='word_1_227' title='bbox 233 3506 398 3570; x_wconf 61' lang='lat' dir='ltr'><strong>Hominem</strong></span> <span class='ocrx_word' id='word_1_228' title='bbox 421 3508 499 3569; x_wconf 81' lang='lat' dir='ltr'><strong>dixit</strong></span> <span class='ocrx_word' id='word_1_229' title='bbox 518 3520 582 3619; x_wconf 76' lang='lat' dir='ltr'><strong>non</strong></span> <span class='ocrx_word' id='word_1_230' title='bbox 602 3508 717 3572; x_wconf 84' lang='lat' dir='ltr'><strong>habere</strong></span> <span class='ocrx_word' id='word_1_231' title='bbox 739 3508 866 3571; x_wconf 81' lang='lat' dir='ltr'><strong>liberunt</strong></span> <span class='ocrx_word' id='word_1_232' title='bbox 888 3507 1054 3571; x_wconf 71' lang='lat' dir='ltr'><strong>arbitrium.</strong></span> 
     </span>
    </p>
   </div>
   <div class='ocr_carea' id='block_1_7' title="bbox 267 3626 1105 3713">
    <p class='ocr_par' dir='ltr' id='par_1_7' title="bbox 267 3626 1105 3713">
     <span class='ocr_line' id='line_1_37' title="bbox 267 3626 1105 3713; baseline -0.004 -10"><span class='ocrx_word' id='word_1_233' title='bbox 267 3626 360 3703; x_wconf 65' lang='lat' dir='ltr'><strong>auno</strong></span> <span class='ocrx_word' id='word_1_234' title='bbox 394 3634 549 3702; x_wconf 82' lang='lat' dir='ltr'><strong>haeresim</strong></span> <span class='ocrx_word' id='word_1_235' title='bbox 575 3636 827 3705; x_wconf 70' lang='lat' dir='ltr'><strong>Manichaeorum</strong></span> <span class='ocrx_word' id='word_1_236' title='bbox 865 3642 958 3701; x_wconf 86' lang='lat' dir='ltr'><strong>vocat</strong></span> <span class='ocrx_word' id='word_1_237' title='bbox 982 3634 1105 3713; x_wconf 77' lang='lat' dir='ltr'><strong>Eccirts,</strong></span> 
     </span>
    </p>
   </div>
   <div class='ocr_carea' id='block_1_8' title="bbox 221 3813 560 3890">
    <p class='ocr_par' dir='ltr' id='par_1_8' title="bbox 221 3813 560 3890">
     <span class='ocr_line' id='line_1_38' title="bbox 221 3813 560 3890; baseline -0.006 -12"><span class='ocrx_word' id='word_1_238' title='bbox 221 3822 252 3890; x_wconf 73' lang='grc'><strong>“)</strong></span> <span class='ocrx_word' id='word_1_239' title='bbox 270 3822 373 3878; x_wconf 78' lang='lat' dir='ltr'><strong>Pcclm.</strong></span> <span class='ocrx_word' id='word_1_240' title='bbox 392 3813 436 3881; x_wconf 86' lang='lat' dir='ltr'><strong>1&#39;s.</strong></span> <span class='ocrx_word' id='word_1_241' title='bbox 454 3822 515 3878; x_wconf 84' lang='lat' dir='ltr'><strong>Job.</strong></span> <span class='ocrx_word' id='word_1_242' title='bbox 534 3824 560 3880; x_wconf 88' lang='grc'><strong>9.</strong></span> 
     </span>
    </p>
   </div>
   <div class='ocr_carea' id='block_1_9' title="bbox 0 0 1304 4300">
    <p class='ocr_par' dir='ltr' id='par_1_9' title="bbox 0 0 1304 4300">
     <span class='ocr_line' id='line_1_39' title="bbox 0 0 1304 4300; baseline 0 0"><span class='ocrx_word' id='word_1_243' title='bbox 0 0 1304 4300; x_wconf 95' lang='lat' dir='ltr'><strong> </strong></span> 
     </span>
    </p>
   </div>
  </div>
 </body>
</html>
