2600 4300
231 313 295 384 414
479 315 603 384 Epistola
620 314 655 370 Ι).
675 315 783 376 dard&
802 313 911 374 lntireri

233 502 317 563 quer,
338 481 432 549 doleo
446 483 529 551 ‘totis
550 483 716 554 nemeen
737 482 818 552 tune
840 501 904 552 ren
932 479 1006 552 fidei
1027 487 1152 552 tostus

232 568 264 629 in
284 566 495 632 meletianos
516 565 748 636 solumdubisnn
762 573 796 626 et
815 567 964 649 ignotam,
986 563 1041 636 sed
1058 565 1151 632 etism

209 650 340 717 laisein
361 650 471 728 putari.
493 649 616 725 Verum,
639 651 755 728 optime
774 649 930 728 Priamus,
953 666 1058 715 soram
1085 645 1150 716 Deo

232 740 264 799 et
284 733 403 812 sugetis
424 733 491 797 eius
533 739 683 811 rotestor,
715 731 769 800 tet
790 731 829 800 de
850 732 912 800 alia
932 750 1004 801 ntea
1024 749 1153 810 respou-

233 817 322 884 sione
342 814 488 894 quioquid
508 751 575 883 deri
595 822 709 895 potest,
730 817 770 879 sit
790 814 876 892 isles,
898 816 939 877 sit
960 821 1073 884 conns
1095 812 1153 882 Er-

232 906 459 978 reverentem,
480 897 731 975 midumonds,
754 900 793 958 sit
813 897 1010 974 revonunds,
1039 898 1154 966 faniam

232 983 283 1046 hie
303 983 417 1058 omnis,
436 983 464 1040 si
484 982 528 1042 its
549 989 702 1061 oporteat.
734 981 821 1050 Hane
841 989 942 1050 sutem
965 981 1153 1052 sententiam

233 1067 366 1131 moriens
387 1063 568 1143 confitebor,
590 1071 622 1124 et
641 1065 746 1129 omnis
768 1065 869 1143 potius
892 1065 1036 1144 negabo,
1060 1081 1153 1143 quem

232 1148 314 1212 illem
337 1147 502 1215 revocabo.
528 1147 608 1210 Nam
633 1149 700 1208 sive
727 1148 835 1215 merita
856 1146 968 1216 Christi
996 1148 1061 1208 sint
1090 1146 1154 1214 the-

232 1251 340 1296 suurus
363 1230 642 1310 indulgentiarum,
672 1247 735 1292 uon
766 1229 837 1292 ideo
864 1227 1065 1310 indulgentiis
1083 1281 1086 1288 .
1101 1227 1154 1288 sli-

232 1314 304 1394 quid
326 1313 462 1391 secedit,
477 1314 544 1376 eive
564 1332 626 1374 non
648 1313 720 1392 sint,
743 1313 818 1377 nihil
840 1312 910 1384 ideo
933 1312 1069 1380 desedit.
1091 1311 1153 1372 lle-

232 1405 306 1458 nent
326 1397 536 1476 indulgentiae
556 1395 588 1456 id
611 1395 694 1475 quod
715 1403 795 1474 suut,
817 1414 1003 1475 quoeunque
1025 1393 1153 1460 tandem

178 1553 186 1562 ,
232 1482 358 1547 nomine
378 1481 568 1547 honorentur
588 1486 620 1543 et
639 1477 792 1545 inflentur.
817 1479 884 1544 Nee
905 1498 971 1538 sum
992 1477 1071 1544 ideo,
1092 1497 1152 1538 mn-

232 1565 279 1625 lus
289 1563 486 1638 Christianus,
508 1563 535 1622 si
555 1561 761 1642 indulgentias
783 1562 888 1641 nolim,
912 1581 987 1641 ques
1010 1561 1067 1622 ille
1090 1568 1153 1623 tsn-

231 1655 296 1710 turn
315 1647 399 1708 soles
420 1645 542 1711 extollit
568 1653 600 1708 st
620 1663 676 1724 pro
706 1646 750 1706 eis
772 1651 894 1733 pugnet.
938 1644 1001 1709 Sed
1023 1647 1050 1706 si
1073 1644 1152 1704 hano

232 1730 303 1792 fldei
324 1730 508 1790 sententiam
530 1738 699 1807 mutavere,
721 1728 872 1788 Christum
895 1747 1064 1808 negavero.
1103 1726 1152 1788 sie

232 1815 336 1894 sepio,
369 1814 414 1873 eie
435 1813 572 1891 sapiam,
601 1811 702 1875 donee
730 1813 883 1879 oonuarls
908 1809 1064 1880 sententie
1099 1829 1153 1890 per

231 1898 395 1976 scripturas
417 1895 506 1955 fuerit
526 1894 666 1974 prebete,
688 1901 720 1956 et
740 1894 891 1959 adductae
911 1913 967 1974 per
989 1913 1041 1955 me
1065 1900 1151 1958 auto·

231 1984 337 2044 ritates
357 1979 536 2057 dissolutae,
558 1975 642 2057 quod
663 1977 801 2041 nondum
823 1985 878 2043 est
891 1977 1023 2055 fmtum,
1047 1995 1149 2058 neque

231 2062 393 2139 fietxlDeo
415 2062 568 2142 propitio)
594 2079 737 2139 unquam.
1198 2093 1199 2103 κ

311 2145 431 2212 Deinde
449 2145 522 2225 quis
541 2143 752 2224 indulgentiae
766 2142 931 2208 movebant
951 2143 1037 2223 plus,
1058 2162 1149 2223 quam

228 2234 355 2296 materis
376 2229 432 2290 ills
450 2226 533 2306 fidei,
556 2230 635 2289 sieut
658 2234 690 2289 et
710 2228 830 2306 seribit,
853 2228 986 2289 maxime
1012 2228 1145 2305 (inquit)

228 2334 321 2394 super
340 2312 550 2392 indulgentiis,
572 2311 674 2373 attulit
693 2310 955 2391 Extravsgsntem
979 2310 1147 2372 Clementis

229 2398 280 2462 Vl.
302 2404 412 2459 eontrs
432 2395 678 2474 propositionem
699 2412 798 2455 meam
821 2392 935 2471 LVlll,
962 2392 1014 2455 ubi
1038 2394 1148 2473 regeri

230 2482 339 2548 merita
359 2479 542 2542 Sanctorum
564 2483 596 2542 et
616 2476 728 2539 Christi
757 2496 826 2540 esse
854 2476 1032 2540 thesaurum
1053 2475 1148 2538 indul-

229 2565 416 2644 gentiarum,
448 2562 527 2626 sieut
547 2559 649 2626 adhue
669 2578 766 2640 nego,
798 2560 907 2624 saltem
936 2566 969 2621 ut
991 2560 1099 2621 issent
1120 2566 1148 2619 st

227 2653 339 2709 sonant
347 2643 450 2720 verbe,
458 2650 728 2724 quantumcunque
739 2644 806 2723 ipse
817 2642 930 2705 elerum
943 2650 1147 2723 opertamque

226 2731 321 2793 iamet
337 2727 615 2807 Ertrsrsgnntem,
637 2746 697 2807 ego
714 2734 829 2791 eontra
853 2724 1032 2804 obsonium,
1056 2724 1147 2789 embi-

227 2832 330 2893 guam,
350 2811 548 2892 impropriam
570 2809 662 2887 dieo,
694 2811 771 2874 deut
798 2811 829 2873 in
850 2810 1057 2889 responsione
1081 2827 1146 2870 mes

229 2898 332 2976 priore
353 2901 448 2974 petet.

312 2978 404 3053 Quod
430 2982 534 3039 sutem
554 2976 703 3041 inliteris
726 2977 787 3037 suis
809 2974 927 3053 enubit,
960 2994 1010 3035 me
1033 2974 1145 3035 dixisse

229 3063 268 3125 nd
289 3062 552 3140 &navigantem
580 3060 687 3123 neseio
709 3058 782 3138 quid
802 3058 956 3126 relatione
976 3056 1144 3138 indignum,

227 3145 289 3209 hoo
324 3153 468 3223 tunquam
490 3141 582 3206 Laioo
617 3141 731 3205 scribit.
765 3140 842 3211 illud
876 3141 1036 3221 indignum
1072 3140 1144 3209 rele-

227 3230 312 3294 tione
345 3235 398 3303 (ut
423 3225 528 3289 odium
550 3224 635 3288 verbi
658 3224 740 3289 illius
760 3224 912 3303 revelem,
936 3232 967 3287 et
988 3232 1143 3305 appareat,

229 3333 269 3373 en
291 3314 352 3373 hoe
370 3313 414 3374 sit
434 3318 562 3390 paterne
574 3329 622 3371 me
641 3314 815 3388 quaerere),
838 3308 898 3371 hoe
919 3310 985 3384 fuit,
1007 3307 1142 3370 illustris

229 3397 306 3461 sitne
328 3396 483 3473 Princeps,
503 3392 587 3471 quod
608 3391 672 3453 dixi
693 3392 954 3483 Extrepagentem
975 3393 1062 3469 illam
1083 3412 1140 3455 non

213 3478 302 3538 natis
334 3476 438 3538 rulers
466 3483 575 3539 nonna
606 3493 706 3538 meam
733 3476 981 3555 conclusionem,
1013 3478 1141 3543 nerine

226 3576 297 3617 oum
319 3565 461 3635 torquest
481 3559 512 3619 in
534 3557 669 3623 alienum
689 3576 813 3621 sensum
827 3558 998 3638 Soriptures
1020 3567 1053 3623 et
1073 3559 1140 3622 ebu-

229 3643 309 3700 tetur
331 3641 384 3716 eie,
406 3640 467 3701 hoe
488 3640 631 3716 verbum,
654 3648 795 3721 torquere
818 3639 852 3709 et
871 3641 963 3717 abuti,
986 3644 1063 3704 mire
1084 3649 1140 3705 tur-

230 3718 342 3790 quebnt
361 3720 516 3784 hominem
536 3731 570 3786 et
589 3722 691 3786 adhue
710 3730 843 3803 torquet,
866 3732 899 3789 ut
919 3724 1058 3793 indicent
1077 3724 1139 3785 lite

229 3808 283 3855 rae
303 3800 378 3860 eius.
403 3802 508 3865 Voluit
528 3807 610 3869 esim
628 3812 662 3870 st
685 3804 750 3868 vuit
770 3804 864 3871 verbe
886 3806 1019 3873 humana
1040 3806 1138 3869 Ponti·
