2600 4300
367 332 801 395 samasiensium·
1010 325 1055 399 ul

215 498 340 580 Tertio,
362 502 447 582 quod
468 503 495 564 si
514 503 608 564 etium
628 521 735 564 verum
757 505 853 579 esset,
876 519 933 580 por
952 499 1053 562 indul·¹

143 583 255 664 guntin
291 583 401 646 redimi
441 587 573 663 animas,
614 604 675 664 qua
712 583 874 646 dialectiea
910 581 1054 663 didioisti,

144 664 247 728 eodem
268 674 427 730 momento
447 665 636 729 satisfauturn
657 685 713 748 pro
731 669 842 746 anime,
865 685 925 745 quo
939 666 1052 727 laetum

143 748 245 828 estid,
267 751 369 830 gratia
389 751 474 812 euius
496 750 629 813 donatur
648 750 764 844 quia?
786 750 833 810 lta
847 749 989 811 divinatis
1012 749 1054 812 ds

142 830 211 914 iis1)
239 831 334 894 rebus
354 834 605 910 abstrusissime,
636 853 675 894 ao
701 835 726 894 si
747 837 926 914 praesentes
948 833 1054 894 omnis

142 913 291 1010 videretis.
312 915 425 978 Nonne
446 923 557 998 posset
568 915 644 995 lieri,
666 922 710 991 ut,
731 915 802 976 dum
824 915 876 976 ille
897 933 1055 976 nummum
1162 956 1167 966 ι

142 1004 244 1074 udat,
269 999 392 1060 interim
414 999 561 1081 angelus,
592 1000 671 1060 deut
690 998 808 1060 Tobiae
829 998 916 1076 lenit,
944 997 1054 1058 offerat

140 1081 199 1142 Deo
219 1083 404 1144 memoriam
424 1083 515 1144 buius
533 1083 621 1160 faeti,
655 1087 686 1142 et
713 1081 825 1142 deinde
853 1081 985 1142 animum
1008 1081 1051 1140 vi·

141 1164 212 1242 sitet
234 1171 269 1224 et
287 1164 393 1244 aliqua
413 1184 501 1227 mora
518 1164 728 1226 intercedente
739 1163 881 1241 redimat,
903 1169 956 1224 aut
968 1161 1051 1226 aliud

141 1237 209 1325 lieri,
231 1247 318 1326 quod
337 1267 398 1309 nos
416 1250 604 1329 ignoramus.

214 1329 336 1404 Quarto
358 1332 548 1411 aptissimam
561 1330 688 1390 adduois
705 1327 944 1405 similitudinem,
969 1326 1053 1407 qnod

94 1440 95 1445 ¹
141 1412 203 1472 talis
223 1412 422 1492 praedicator
443 1414 483 1474 sit
502 1413 610 1474 similis
631 1431 743 1492 eoquo,
765 1413 816 1491 qui
837 1409 1055 1472 substantiales

94 1552 95 1555 ,
141 1494 219 1556 eibos
252 1496 494 1558 accidentalibus
522 1495 682 1576 saporibus
717 1495 847 1556 exacuit.
901 1493 967 1554 lmo
993 1492 1056 1554 hoo

140 1577 292 1656 doinus,
314 1578 398 1660 quod
425 1585 613 1642 comestores
634 1578 680 1638 illi
700 1578 791 1638 nimis
812 1575 1053 1638 aooidentalibus

142 1667 169 1722 et
191 1661 304 1722 alienis
333 1661 435 1723 verbis
455 1662 635 1723 adulterant
657 1659 784 1722 verbum
804 1660 871 1720 Dei.
913 1659 1057 1737 Denique

140 1742 222 1821 iube,
249 1750 285 1804 ut
304 1743 534 1826 praedicatores
553 1744 598 1804 illi
619 1743 683 1804 hoo
700 1743 794 1804 niodo
816 1761 873 1804 sua
894 1723 990 1804 verba
1009 1742 1054 1801 in-

142 1825 305 1907 telligenda
325 1827 475 1905 dooeant,
502 1835 535 1888 et
555 1826 673 1890 videbis
694 1845 751 1888 sos
771 1827 857 1888 omni
875 1823 994 1906 populo
1016 1824 1055 1884 si·

142 1909 231 1996 bitum
257 1915 293 1970 at
311 1910 447 1972 fabulam
472 1909 553 1988 fieri,
585 1909 687 1971 nullus
714 1910 797 1970 onim
821 1909 865 1968 ita
891 1906 1056 1969 intellexit.

144 1991 240 2066 Quare
262 1995 339 2054 satis
359 1993 468 2073 video,
489 1998 645 2072 quantum·
658 1991 890 2054 sollieitaverint
909 1988 990 2070 apud
1012 1994 1054 2068 ta,
1078 2017 1084 2026 ·

93 2144 94 2150 ἵ
143 2082 172 2134 ut
189 2075 273 2136 buno
293 2095 402 2142 eorum
421 2076 643 2138 eonsoiontium
663 2081 817 2155 uteunque
839 2090 1002 2135 exousares
1024 2077 1056 2132 et

143 2159 267 2236 levares,
290 2158 348 2221 ssd
367 2160 487 2221 frustra.

220 2241 272 2303 Ad
292 2243 471 2304 vioesimam
490 2247 633 2303 octavam
654 2260 704 2301 nra
725 2240 929 2303 debsotorsm
950 2254 1056 2317 voees,

146 2329 174 2385 et
192 2344 282 2404 eum,
304 2327 357 2404 qui
376 2327 467 2406 ponit
484 2326 517 2385 in
538 2324 661 2386 eoelum
683 2343 718 2385 os
739 2342 843 2401 suum,
871 2322 942 2401 quia
963 2320 1058 2398 Deus,

145 2408 257 2486 uquis,
284 2409 440 2469 eonosssit
464 2426 566 2488 papae
590 2406 665 2467 dare
692 2406 732 2467 de
761 2404 906 2486 suffragio
927 2422 984 2483 pro
1005 2421 1058 2463 vo·

146 2490 260 2551 intuta
280 2509 348 2551 sua.

221 2573 427 2655 Respondes:
468 2570 551 2633 uolo
579 2577 680 2632 tecum
710 2570 855 2631 conuiuiis
877 2586 984 2649 agam,
1015 2556 1058 2627 n‘ri

147 2661 244 2735 putor,
264 2657 350 2735 seio,
371 2654 456 2735 quud
477 2655 582 2716 omnia
599 2654 720 2715 fauilius
741 2653 940 2729 sustinemus,
967 2666 1059 2730 quarn
1163 2643 1169 2661 “

148 2739 314 2802 veritatem.
356 2738 429 2799 Tuis
449 2736 551 2799 verbis
573 2756 635 2799 non
657 2742 762 2815 potest
782 2732 897 2795 offendi
921 2732 1060 2811 avaritia,

150 2821 217 2899 quia
235 2820 340 2904 non²)
364 2821 466 2901 tangis
487 2838 566 2898 eam,
587 2818 644 2880 sed
665 2819 758 2899 tingis
779 2824 812 2879 at
830 2816 941 2897 pingis.
981 2814 1059 2875 Num

151 2903 229 2981 quud
310 2924 332 2965 a
351 2904 452 2984 possit
471 2902 544 2965 dure
565 2900 758 2982 suffragium,
789 2918 853 2961 nun
874 2916 974 2979 nego,
1004 2896 1059 2959 sed

151 2985 229 3064 quod
245 2922 424 3067 lldrsgium
434 2986 561 3057 fuoiat‘t
574 2985 708 3045 animam
723 2982 857 3061 evolare,
867 2982 928 3043 boo
939 2980 1059 3041 interim

152 3087 238 3149 nego,
260 3068 362 3131 donee
381 3076 414 3129 tu
435 3067 519 3129 aliud
539 3067 727 3148 probaveris.

228 3150 278 3211 Ad
297 3152 475 3213 vioesirnanr
496 3169 609 3213 nonam
630 3150 762 3231 primunr
782 3147 904 3209 somnia
922 3164 992 3207 mua
1006 3162 1059 3213 vo:

154 3252 212 3312 aas,
233 3232 345 3295 ddude
365 3253 407 3294 ex
426 3232 457 3295 S.
478 3232 599 3295 'l'boma
619 3232 660 3293 ds
701 3250 782 3293 uena
802 3228 975 3291 voluntaria
995 3226 1060 3291 lon·

154 3335 222 3396 gum
241 3317 336 3379 trabis
352 3334 546 3395 sermonem,
569 3322 600 3377 et
620 3317 653 3376 in
674 3252 736 3375 llus
762 3312 854 3390 diois,
878 3310 1062 3373 eontrarium

157 3400 180 3459 si
201 3400 265 3479 quis
285 3406 414 3477 asserat,
435 3399 546 3459 stultus
566 3404 599 3459 at
618 3397 763 3459 ridioulus
784 3397 832 3457 sit.

232 3481 434 3563 Respondes:
477 3480 550 3542 Sum
571 3482 688 3561 optima
708 3484 887 3555 eontentus,
907 3482 942 3537 ut
961 3480 993 3535 tu
1016 3492 1062 3535 sa·

165 3753 255 3883 fuini)
276 3755 308 3809 In
327 3753 370 3809 ed.
388 3754 463 3807 lanz
481 3754 534 3807 bis.
587 3749 709 3817 2J1bid
729 3748 817 3804 dsssu
838 3762 904 3801 non.
940 3747 971 3812 3)
991 3744 1061 3801 lbid
