2600 4300
390 288 424 341 de
443 222 543 343 virtuts
558 286 803 357 indulgentiarum.
820 372 826 379 Ι
988 283 1048 349 lii

126 452 246 517 erudito
268 455 365 519 facile
384 461 480 536 patet
523 454 639 518 Taurea
672 460 706 515 ut
730 462 763 517 et
788 454 833 518 eis
862 454 936 535 ipsis
963 470 1052 533 suant

125 538 283 599 inscitiam
318 539 481 600 ostendam
521 540 565 615 (ai
598 554 730 618 capaces
771 556 840 599 esse
877 521 1051 660 poteraut),

125 622 202 684 hanc
228 624 365 703 primam
387 621 571 684 diiudioabo.

205 704 353 768 Admitto
375 706 431 765 sub
461 705 586 765 nominc
619 704 828 785 poenitentiae
846 720 945 783 posse
964 703 1052 765 intel·

127 789 173 884 ligi
199 791 302 849 etiam
323 788 417 849 Iudae
439 789 677 867 poenitentiam,
699 788 790 847 ctiam
814 787 870 847 Dei
892 788 1054 867 poeniten-

126 874 208 947 tiam,
233 874 331 933 ctiam
354 873 478 951 pictam,
501 878 532 933 et
555 876 605 948 (ut
615 870 708 951 logici
723 869 844 949 solent)
858 869 1053 931 materialiter

127 963 154 1015 et
182 954 331 1017 secundo
363 954 605 1017 intentionaliter
640 961 803 1034 sumptam,
820 953 1053 1032 poeniteutiam,

127 1038 195 1097 ideo
221 1046 255 1098 et
268 1036 496 1099 sacramentum
514 1037 561 1117 (id
576 1044 634 1114 est,
656 1036 926 1114 satisfactionem).
949 1036 1051 1111 auro

128 1123 192 1200 quis
238 1128 337 1201 negat
378 1121 535 1199 hucusque
577 1119 731 1199 theologia
770 1117 950 1198 quibusdam
989 1138 1054 1181 uon

127 1206 235 1283 paucis
258 1204 400 1277 licuisse,
422 1211 519 1265 totam
539 1203 635 1263 ferme
657 1203 836 1281 scripturam
855 1218 1053 1283 corrumpere

128 1285 332 1347 audacibus
344 1288 406 1347 suis
449 1284 695 1348 distinctionibus
741 1292 772 1345 ct
814 1284 1053 1365 amphibologiia

129 1389 227 1449 nuper
270 1367 425 1447 confictis,
461 1368 541 1430 adeo
583 1377 616 1428 ut
648 1387 704 1447 pro
734 1362 829 1427 Paulo
867 1375 898 1428 et
930 1368 1050 1430 Christo

129 1453 382 1513 Panloceutonas
405 1450 720 1513 etOhristccentonas
742 1450 901 1531 legamus?
923 1450 991 1531 Ego
1014 1450 1052 1511 de

130 1556 279 1615 germana
301 1544 334 1595 et
352 1537 479 1615 propria
498 1534 584 1595 verbi
596 1534 717 1595 locutus
735 1552 801 1594 sum
818 1532 1052 1615 significatione,

132 1618 375 1698 quemchristus
396 1620 427 1679 in
446 1637 485 1678 eo
507 1616 601 1679 verbo
625 1618 731 1695 voluit,
754 1617 937 1695 autsaltcm,
961 1630 1052 1696 quam

131 1702 291 1764 lohannes
309 1702 448 1781 Baptista
461 1701 567 1779 voluit,
589 1701 640 1779 qui
659 1718 721 1761 non
737 1698 844 1761 habuit
856 1702 1052 1778 autoritatem

132 1784 312 1845 instituendi
333 1784 532 1862 sacramenti,
565 1792 596 1843 et
629 1792 732 1845 ιιιιιιθιι
760 1784 844 1843 venit
871 1783 1052 1863 praedicans

133 1867 317 1948 baptismum
340 1868 549 1947 poenitentiae
570 1866 690 1927 dicens:
714 1866 939 1933 Paenitentiam
960 1868 1051 1948 agite.

135 1950 222 2025 Quod
244 1950 373 2011 uerbum
388 1950 526 2011 Christus
546 1950 678 2029 repetiit,
702 1968 739 2009 ac
760 1951 785 2011 si
807 1968 870 2011 non
893 1948 933 2010 de
954 1969 1051 2011 sacra

135 2040 236 2095 mento
259 2033 381 2095 locutus
409 2037 483 2093 satis
511 2032 604 2095 credo
629 2033 825 2113 intelligitur,
860 2039 963 2093 tammr
985 2040 1059 2115 esto·

138 2117 255 2179 illorum
276 2118 432 2178 somnium
454 2134 569 2196 verum,
589 2115 749 2178 videamus
772 2115 845 2197 quid
866 2123 1019 2197 aequatur.
1035 2155 1059 2175 ..

213 2201 355 2262 Christus
377 2203 445 2264 sinc
465 2200 558 2262 dubio
586 2199 746 2281 legislator
777 2202 896 2262 diuinus
927 2207 989 2278 est,
1022 2208 1057 2262 ct

139 2284 273 2344 doctrina
294 2285 361 2344 eius
382 2285 429 2344 ius
447 2284 652 2362 estdiviuum,
674 2283 705 2344 id
722 2291 779 2362 est,
801 2285 912 2364 quod
898 2283 982 2346 nulla
999 2303 1053 2382 po·

140 2374 226 2428 testas
247 2377 370 2428 matare
391 2375 443 2428 aut
464 2367 644 2447 dispensare
671 2375 784 2447 potest.
832 2369 874 2428 At
899 2369 924 2428 si
947 2369 1056 2446 poeni

141 2453 229 2512 ιθιιιιιι
252 2452 286 2512 in
314 2469 355 2512 eo
382 2443 453 2510 loco
476 2470 495 2510 θ
518 2443 639 2512 Christo
662 2451 754 2511 docta
775 2449 928 2531 signifieat
948 2452 1053 2530 poeni

143 2535 260 2594 tentiam
290 2534 546 2594 sacramentalem
571 2533 620 2608 (id
642 2541 706 2611 est,
679 2535 1040 2594 satisfactionem
984 2547 1016 2610 t
1022 2540 1056 2609 et

144 2615 213 2676 hano
234 2624 341 2696 potest
361 2636 444 2697 papa
466 2625 597 2695 mamre,
627 2623 661 2677 et
693 2615 732 2678 de
764 2616 846 2678 facto
874 2625 971 2678 mutat
996 2636 1056 2697 pro

145 2699 257 2760 arbitrio
280 2719 357 2780 suo,
390 2717 463 2779 ergo
496 2699 548 2760 vel
574 2719 656 2780 papa
683 2699 776 2760 habet
802 2701 831 2760 in
859 2700 983 2760 arbitrio
1006 2701 1053 2760 ius

146 2782 284 2861 danum,
306 2783 357 2842 vel
379 2790 428 2842 est
447 2783 479 2842 iu
498 2783 598 2842 Deum
620 2803 707 2844 suum
730 2784 926 2862 impiissimus
946 2781 1053 2844 adven

147 2867 239 2937 sarius,
261 2866 380 2926 irritam
401 2865 517 2926 faciem
539 2865 717 2927 mandatum
734 2865 800 2926 Dei.
833 2866 924 2941 Quod
947 2867 972 2925 si
994 2865 1057 2926 lroc

147 2948 249 3012 audent
271 2968 411 3010 asserere
427 2949 518 3027 41²),
539 2951 590 3027 qai
612 2949 653 3010 ad
675 2949 795 3010 laudem
818 2949 875 3010 Dei
888 2957 929 3017 ,et
950 2949 1056 3010 delen-

148 3032 255 3092 sionem
274 3032 449 3093 catholicae
472 3030 553 3108 fidei,
574 3040 607 3093 ct
627 3040 753 3094 sanctae
768 3032 1059 3114 sedisapostolicae

149 3114 302 3194 honorem,
333 3123 366 3176 et
396 3133 452 3194 pro
491 3116 619 3176 veritate
645 3115 813 3176 revelanda
841 3125 872 3176 et
901 3116 1053 3178 erroribus

151 3198 359 3291 supprimendis
380 3199 550 3278 gloriantur
570 3217 640 3259 aesc
669 3199 840 3278 disputare,
873 3200 1005 3278 denique
1028 3199 1056 3258 si

152 3279 189 3338 sic
205 3281 356 3342 honorant
376 3282 540 3342 ecclesiam
562 3290 744 3362 tuenturque
765 3281 872 3361 iidem,
893 3283 945 3362 qui
971 3283 1059 3342 terri·

153 3360 201 3422 lico
221 3372 251 3424 et
269 3365 442 3425 immaniter
468 3375 564 3444 (pene
592 3364 738 3426 dixissem
765 3367 915 3441 inaniter)
938 3365 1058 3426 iactato

155 3446 228 3508 titulo
247 3448 420 3508 haereticae
441 3448 601 3526 pravitatis
615 3450 811 3546 inquisitores
826 3449 935 3510 volunt
948 3449 1054 3528 videri,

157 3529 225 3607 quid,
243 3549 367 3610 quaeso,
388 3531 527 3593 relictam
544 3539 593 3592 est
605 3533 678 3594 vel
670 3533 870 3594 insanissimis
883 3533 1055 3612 haereticis,

163 3699 347 3712 -υ--ο

219 3797 244 3859 Ι)
263 3794 444 3848 laodien:
463 3793 509 3846 Aa
545 3794 576 3858 2)
597 3791 682 3846 trid:
701 3791 737 3844 lai.
