2600 4300
231 280 292 350 132
502 284 532 338 o.
550 284 629 350 uus
648 284 759 339 unisse
776 282 895 353 opunti

228 455 337 517 rimum
350 460 457 517 nostro
472 454 578 515 ssoulo
600 454 795 537 ingeniorum
817 454 922 517 ludum
939 455 1038 536 magis
1061 473 1146 535 quam

228 539 360 617 spectari
382 545 414 599 st
433 537 535 599 rideri.
576 538 638 600 Sed
669 540 683 613 t
688 546 721 599 ut
753 538 864 617 video)
889 546 1013 619 oportet
1036 546 1067 599 et
1087 557 1148 598 oor-

229 618 356 687 edorum
376 621 569 682 iuter'olera
590 622 702 700 videri,
735 628 766 682 et
796 623 916 703 nigrum
945 622 1040 683 statui
1074 622 1149 686 inter

229 698 311 781 alba,
333 703 454 764 deeoris
475 704 595 765 seilicet
615 712 648 765 et
669 706 791 765 veneris
810 707 918 786 grstia.

310 786 402 867 Rogo
423 789 541 866 itaque,
575 788 632 848 has
655 806 739 848 mess
760 790 894 869 ineptias
920 788 1089 867 suscipias,
1122 794 1151 847 et

233 888 295 947 qua
315 868 380 932 lieri
401 878 505 949 potest
531 870 689 931 industria¹
711 870 750 931 ud
784 873 933 951 optimum
962 868 1150 951 pontificem,

229 951 364 1015 leonem
386 952 556 1030 deeimum,
579 956 776 1031 transmittas,
800 962 833 1014 ut
859 956 921 1015 sint
940 954 983 1015 ibi
1007 952 1087 1013 milri
1103 952 1151 1011 ad·
1193 1022 1194 1025 Ἴ

203 1036 460 1097 ·vers1ustudis
478 1037 712 1117 malignantium
740 1038 807 1097 vioe
838 1038 965 1098 alieuius
994 1035 1150 1117 paracleti,

229 1135 291 1180 uon
311 1118 396 1199 quod
418 1125 449 1181 te
480 1119 554 1181 nihi
581 1122 728 1200 uoniungi
759 1121 897 1199 perieulo
934 1120 1047 1198 velim,
1085 1137 1151 1177 meo

230 1200 326 1268 solius
347 1202 485 1281 periculo
513 1202 591 1263 hose
617 1204 720 1284 egisse
746 1203 830 1264 volo.
873 1203 1024 1277 Christus,
1034 1200 1151 1280 viderit,

136 1320 141 1325 -
214 1301 326 1363 ,suane
343 1285 405 1345 sint
425 1304 465 1345 aa
488 1305 573 1364 mea,
602 1306 683 1367 quae
704 1286 778 1364 dixi,
800 1287 867 1347 sine
890 1288 976 1347 ouius
994 1293 1073 1345 nutu
1097 1303 1152 1343 nee

229 1368 338 1426 summi
360 1366 513 1446 pontificis
535 1388 636 1429 sermo
661 1376 708 1429 est
735 1370 766 1430 in
789 1369 893 1451 lingua
914 1371 995 1447 eius,
1019 1384 1153 1428 neeoor

229 1451 310 1529 regis
330 1450 362 1509 in
384 1460 476 1512 uranu
497 1470 567 1529 sua,
587 1452 670 1513 hune
701 1453 783 1513 enim
805 1460 953 1533 axspeoto
975 1451 1112 1511 iudicem
1137 1469 1152 1509 e

228 1531 372 1594 Romana
392 1532 466 1595 sede
486 1537 753 1613 prouunoiautem.
1074 1599 1076 1603 ,

311 1613 453 1679 Ceterum
475 1618 644 1679 minacibus
667 1618 728 1680 illis
750 1619 826 1679 meis
839 1619 946 1678 amieis
957 1616 1036 1678 nihil
1052 1614 1151 1677 habeo

229 1698 313 1776 quod
343 1699 564 1778 respondeam,
598 1702 657 1761 uisi
688 1700 763 1761 illud
792 1701 1067 1778 Reuehliniauum,
1103 1700 1152 1777 qui

229 1782 667 1927 ἓὲρζῑϋὲἓμῃιὲίἐιίὲῧύῳεῐέη
676 1784 751 1845 nihil
770 1792 887 1927 epoltpst
907 1782 1152 1925 perdurahasslpis

230 1886 352 2016 assidui
374 1967 455 2010 uuae
479 1886 613 2028 perdffi'
633 1886 824 2031 qulimplilerdit.
844 1886 978 2011 onIppplrpl
999 1888 1153 2029 siuperesi

230 2030 383 2097 imbesille
405 2038 437 2092 et
457 2032 588 2093 assiduis
610 2033 771 2114 fatigatum
792 2033 996 2095 incommodis
1027 2050 1150 2112 eorpus·

230 2112 347 2194 culum,
377 2114 459 2194 quod
482 2116 508 2176 si
529 2135 592 2196 qua
611 2116 642 2177 vi
664 2116 715 2177 vel
737 2115 810 2178 dolo
827 2115 1008 2178 abstulerint
1026 2114 1078 2201 (in
1100 2114 1149 2176 ols

230 2199 368 2277 sequium
390 2199 467 2269 Dei)
489 2199 570 2260 forte
591 2219 653 2260 una
674 2200 724 2260 vel
752 2199 871 2261 duabus
892 2201 975 2262 vitae
995 2199 1084 2260 horis
1104 2219 1150 2259 me

229 2283 441 2362 pauperiorem
465 2282 586 2344 facient.
623 2283 744 2344 Sufficit
765 2284 838 2344 mihi
853 2283 951 2344 duleis
972 2283 1150 2362 redemptor

231 2366 456 2444 etpropitiator
468 2366 618 2428 Dominus
639 2385 727 2427 meua
738 2367 827 2428 iesus
835 2364 985 2444 Christus,
1008 2367 1061 2426 oui
1083 2384 1149 2426 osu-

231 2446 313 2526 tabo,
336 2448 480 2527 quamdiu
502 2449 598 2511 fuero.
655 2449 687 2511 ei
709 2451 776 2530 quis
800 2460 902 2510 autern
923 2451 1061 2510 noluerit
1082 2467 1148 2509 oau-

232 2541 297 2592 tare
312 2550 450 2615 meeum,
465 2533 537 2611 quid
554 2532 593 2594 ad
608 2533 679 2594 mel
701 2533 806 2610 ululet,
828 2533 949 2612 silibet,
972 2533 1022 2594 vel
1035 2551 1147 2593 seeum.

231 2613 301 2693 lpse
314 2613 465 2675 Dominus
483 2615 568 2676 lesum
589 2623 692 2676 seruet
714 2623 744 2676 te
764 2617 795 2676 in
817 2623 985 2692 aeternum,
1008 2619 1052 2676 mi
1064 2616 1150 2675 Pater

232 2697 421 2760 suavissime.
465 2698 731 2779 Vuittembergaa,
755 2699 805 2759 die
827 2699 856 2762 S.
880 2699 1048 2776 Trinitatis,
1070 2717 1148 2758 anno

230 2780 270 2842 Μ.
292 2779 330 2844 Ι).
352 2780 498 2856 xvsti).
585 2818 587 2821 -

238 2923 259 3019 s
301 2940 559 3037 Beatissimo
588 2940 718 3037 Patri
746 2940 878 3072 Leoni
906 2939 1076 3037 Docimo
1115 2987 1117 2994 ¹

232 3079 318 3163 Pou't.
362 3077 442 3139 Max.
486 3076 519 3138 F.
551 3079 707 3140 'Martinus
752 3077 864 3140 Luther
910 3079 1145 3160 Augustinianus

277 3167 280 3181 '
526 3168 683 3222 aeternam
705 3160 851 3223 Salutem.
973 3159 975 3166 ’

263 3330 287 3351 .,
312 3279 459 3348 Auditum
479 3279 582 3340 audiri
614 3279 654 3340 de
681 3299 731 3340 ms
756 3282 940 3360 pessimum,
974 3279 1145 3340 beatissime

231 3365 329 3442 Pater,
342 3381 412 3442 quo
435 3362 575 3442 intelligo
596 3362 748 3441 quosdam
766 3365 883 3424 amieos
906 3363 1016 3423 leoiese
1036 3379 1144 3445 nomeu

233 3467 331 3516 meum
352 3447 652 3524 gravissimeooraru
676 3453 707 3510 te
728 3453 760 3506 et
782 3447 840 3506 tuis
856 3447 983 3523 foetere,
1004 3451 1043 3523 ut
1059 3442 1142 3524 qui²)

232 3531 426 3588 autoritatem
449 3535 481 3587 et
501 3535 688 3607 potestatem
709 3529 841 3590 elauium
855 3535 899 3590 ,es
917 3529 1028 3588 summi
1049 3525 1141 3608 ponti·

305 3711 336 3772 t)
353 3710 386 3761 ln
403 3711 537 3765 editlen.
557 3713 602 3763 trie
615 3713 809 3778 interpositum
829 3715 883 3762 est:
903 3709 1029 3778 Epistola
1039 3705 1144 3760 tunae

234 3777 405 3856 adteouem
424 3782 526 3859 Uo.
547 3783 614 3836 Pon.
650 3781 683 3852 ²)
704 3781 888 3838 ineu-teu:
909 3783 982 3851 quia.
1091 3824 1093 3830 ,
