2600 4300
371 307 408 362 m
423 308 497 367 nno.
514 309 544 366 n.
563 309 629 365 sm.
648 309 796 364 somam.
896 284 900 292 ’
1007 305 1048 372 to

212 478 416 560 Respondent
437 479 545 560 Spero,
567 480 655 543 debis
667 481 740 541 mihi
755 499 862 542 verum
875 499 954 560 esse,
966 479 1048 560 quod

142 581 190 642 per
209 568 304 622 totem
326 563 489 624 eoelesism
518 563 643 644 dieitur,
672 563 791 624 soilioet
819 583 912 644 posse
940 565 1049 625 oontr'i-

141 646 248 706 tionem
267 644 404 706 hominis
424 651 539 708 tentem
562 666 640 723 esse,
663 654 696 707 ut
705 647 823 707 deleret
844 666 967 708 omnem
987 645 1048 707 oul-

141 747 203 808 pem
224 733 255 788 et
274 747 421 808 poenam.
464 728 606 791 Secundo
628 729 730 808 debis,
758 729 839 808 quod
877 729 1049 791 voluntarie

141 810 297 871 morientes
318 813 425 873 omnis
445 812 570 872 solvunt
589 819 622 873 et
644 813 835 873 setislsoiunt
860 813 1047 892 plenissime.

141 891 187 953 llis
207 893 301 956 oredo
334 896 401 954 sine
420 894 618 975 indulgentiis
647 901 678 956 et
698 894 793 956 literis
815 895 925 956 adesse
945 897 1049 956 remis-

142 977 254 1037 sionem
274 977 468 1057 plenariam,
501 987 533 1038 et
558 986 660 1038 temen
687 997 737 1040 me
763 980 795 1038 in
816 978 877 1039 hoo
896 997 958 1040 non
982 997 1050 1039 esse

139 1059 327 1140 hoereticum,
350 1061 409 1120 nisi
431 1061 512 1140 epod
533 1061 709 1122 Thomistss
731 1061 819 1122 forte.

211 1141 358 1204 Seonndo
370 1142 505 1204 debitum
524 1143 596 1204 ideo
618 1143 682 1203 dixi
703 1145 795 1204 etiem
815 1145 903 1221 iim),
925 1145 975 1223 qui
987 1151 1048 1204 tem

140 1226 257 1305 perlecti
278 1245 345 1287 non
366 1233 446 1303 sunt,
468 1228 539 1306 quis
558 1243 639 1307 pepe
666 1228 804 1288 minister
825 1234 873 1287 eet
888 1227 1049 1304 meletias,

140 1307 274 1388 quioquid
295 1314 402 1389 potest
433 1309 535 1370 lsoere
555 1307 696 1371 fidelibus
724 1311 755 1369 in
784 1310 929 1389 selutem,
957 1309 1050 1372 debet

140 1391 187 1452 sub
207 1393 396 1452 necessitate
418 1393 523 1452 solutis
555 1394 647 1452 etiem
675 1394 779 1474 gretie.
821 1392 912 1468 Quod
940 1395 1049 1454 sinon

139 1474 257 1553 feeerit,
285 1475 379 1536 Dens
408 1475 574 1555 supplebit:
605 1493 699 1555 spero
727 1493 784 1556 per
811 1477 1050 1537 miserioordiem

140 1576 232 1635 susm,
257 1557 343 1636 quod
364 1558 459 1619 homo
481 1559 619 1637 neglexit
639 1577 696 1638 per
716 1559 861 1619 ineuriem
885 1579 980 1623 suem.

210 1639 262 1700 Ad
276 1642 462 1701 trioesimsm
478 1643 656 1720 septimam,
675 1649 839 1722 postquem
853 1641 979 1703 dimisso
991 1641 1049 1702 dis-

139 1725 302 1803 pntstione,
324 1741 416 1802 quem
433 1723 472 1784 de
487 1725 723 1804 participatione
737 1725 886 1786 bonorum
900 1726 1050 1788 eoolesiee

140 1825 303 1886 oosperss,
326 1806 404 1866 diois
424 1807 547 1867 tsndem
568 1807 755 1866 heenetioum
777 1827 827 1868 me
849 1825 933 1886 esse,
961 1810 986 1868 si
1008 1807 1050 1870 di-

140 1907 230 1949 oerem
268 1888 411 1949 sufficere
442 1891 561 1974 impleri
589 1891 755 1950 ininnotem
783 1891 1004 1970 poenitentiem
1031 1911 1051 1952 s

139 1971 295 2032 ssoendote
317 1973 384 2032 sine
404 1972 583 2052 impletione
604 1975 680 2052 eins,
702 1991 781 2052 quse
803 1975 900 2034 sDeo
921 1976 1051 2055 imponi-

140 2063 194 2134 tur,
224 2061 266 2199 ll
288 2056 335 2114 sio
369 2055 494 2116 evolare
520 2063 714 2135 peecatorem
744 2074 805 2117 non
839 2057 994 2118 setisfeoto
1015 2055 1047 2139 ²)

139 2158 213 2218 pnes
267 2157 317 2200 eo.

209 2221 300 2283 Siout
320 2220 400 2300 dixi,
427 2228 529 2282 vester
558 2224 617 2281 ists
638 2240 706 2283 mos
729 2230 786 2300 est,
808 2224 834 2283 si
854 2242 922 2285 mos
946 2224 1050 2285 voosri

139 2312 254 2383 posset,
288 2311 376 2364 tonte
396 2303 522 2365 eholers
542 2312 693 2383 aestuare,
715 2313 749 2365 nt
770 2306 866 2367 sltem
887 2326 967 2386 pene
990 2307 1045 2387 syl-

140 2387 203 2447 lsbs
221 2388 414 2448 haereticum
435 2386 553 2465 dicetis,
575 2388 618 2447 nil
640 2389 698 2447 nisi
719 2389 923 2467 hoereticum,
944 2388 1050 2470 heere·

140 2472 244 2550 ioum,
282 2470 471 2530 hoereticum
491 2470 671 2531 Thomistne
699 2471 784 2550 loqui
813 2471 998 2551 didioesunt‚
1020 2480 1052 2533 et

140 2560 234 2613 temen
255 2552 333 2613 nihil
356 2570 481 2633 prorsus
494 2551 624 2631 efficitis,
645 2554 706 2613 nisi
718 2554 800 2633 quod
815 2563 1051 2617 oontrevestres

93 2657 94 2660 ¹
141 2636 347 2717 frigidissimos
367 2640 400 2695 et
420 2636 602 2696 nudissimes
624 2638 787 2717 opiniones
801 2637 914 2699 dietum
936 2639 1051 2718 eliquid

141 2738 202 2779 esse
222 2718 372 2799 probetis.
399 2717 476 2780 Ideo
497 2719 571 2779 mihi
593 2718 632 2780 de
654 2719 742 2781 vobis
763 2720 858 2782 lseies
873 2724 908 2798 *J
933 2722 1052 2784 videtur

142 2800 250 2863 dioere:
295 2801 483 2881 Gonoipietis
504 2802 661 2881 udonem,
699 2809 731 2863 et
750 2805 875 2882 perietis
898 2806 1051 2887 stipulam.

142 2883 176 2943 llt
194 2883 270 2944 illud
292 2884 435 2964 gentilis:
468 2884 641 2946 Perturiunt
663 2893 792 2964 montes,
817 2897 960 2951 neseetm·
980 2888 1049 2949 nidi·

142 2966 220 3027 onlus
241 2986 320 3027 mns.
401 2973 407 2981 ’

212 3050 363 3128 Primum,
386 3070 425 3110 ex
446 3050 610 3130 praedietis
632 3052 751 3124 vidisti,
773 3053 854 3131 qnod
879 3054 918 3115 de
939 3074 1051 3137 poene,

144 3150 227 3210 qnsm
249 3134 333 3193 Dens
353 3132 472 3214 infligit,
495 3134 635 3195 omnibus
656 3136 792 3215 pertibus
822 3156 841 3196 s
862 3144 893 3197 te
914 3138 1051 3203 diversus

145 3234 213 3292 sum,
236 3216 305 3276 eliis
327 3217 417 3275 nixus
439 3217 605 3297 prineipiis,
626 3217 698 3278 ideo
711 3225 818 3296 totum,
841 3221 923 3301 quod
945 3232 1053 3285 oontre

145 3316 189 3358 me
205 3299 405 3375 machineris,
426 3299 536 3361 frustm
557 3301 749 3363 maehinsris.
793 3302 881 3383 Nego
903 3306 1053 3387 prinoipie

145 3388 210 3459 tus,
248 3390 279 3442 et
299 3389 331 3441 te
350 3388 450 3443 totnm
472 3402 491 3443 e
511 3383 617 3463 plents
635 3384 724 3465 pedis
753 3404 881 3465 usquam
902 3386 941 3447 sd
963 3392 1051 3450 verti-

147 3482 217 3542 oem,
238 3466 319 3525 sient
337 3464 434 3526 hebes
455 3464 654 3528 fundamenta
670 3486 740 3528 mes
761 3470 898 3548 superius
920 3472 1031 3551 posite.

180 3733 210 3873 tp
228 3732 260 3859 ll
276 3734 405 3863 ‚emb-&ne
424 3734 474 3792 his.
513 3736 546 3803 2)
566 3735 649 3792 ibid:
669 3738 828 3792 setistsotio.

259 3820 293 3858 m.
354 3844 362 3859 .

1051 143 1082 180 Ι
