2600 4300
220 320 283 386 146
466 320 662 381 Resolutcm
679 318 788 391 cupro
807 320 885 379 luth.

218 491 327 571 nibus,
345 492 569 573 eleemosynis,
592 492 722 573 aliisque
743 491 898 555 laboribus
920 497 952 553 ct
973 490 1146 575 disciplinis

112 605 117 617 v
218 576 382 655 impositae
402 582 489 653 sunt,
524 576 603 637 ulice
626 574 666 637 cd
687 577 896 656 septennium,
930 574 1011 639 aliae
1034 575 1146 651 miuus,

219 657 302 721 alica
322 659 402 738 plus.
445 658 486 721 Et
515 660 547 719 in
574 660 634 720 istc
661 677 764 739 pocus
786 656 1015 737 comprehendo
1041 658 1145 735 otiam,

220 760 313 821 quam
335 741 462 803 arbitrio
484 760 541 803 suc
564 743 696 822 imponit
707 741 852 803 sacerdos
867 742 1029 803 ecelesiae.
1057 740 1147 801 Nune

218 825 327 903 itaque
349 824 430 903 vide,
452 832 484 885 et
504 824 583 887 doce
605 844 665 903 mc,
687 826 739 904 qui
759 832 858 905 potes.
903 823 1045 899 Quatuor
1066 823 1146 902 prio·

219 926 270 968 res
295 926 360 969 non
382 914 488 987 potest
506 909 672 987 reuuttere,
696 927 785 987 quam
808 908 899 969 aliam
920 908 1065 986 remittit,
1088 907 1148 965 nisi

221 992 405 1053 cononicam
428 998 462 1051 et
483 990 695 1056 arbitrariam?

301 1074 412 1135 lterum
433 1073 657 1151 hieLeonte*)
681 1073 736 1133 illa
750 1073 823 1135 mihi
838 1074 996 1152 oggunuit,
1018 1072 1147 1149 remitti,

220 1176 300 1235 quoe
326 1178 347 1217 a
367 1158 484 1219 iustitio
510 1156 615 1219 divina
642 1158 790 1237 exigitur,
823 1157 873 1217 vel
904 1157 934 1217 in
962 1155 1147 1236 purgatorio

219 1248 268 1299 est
291 1238 416 1301 luenda
465 1240 520 1301 Cui
554 1249 586 1301 et-
620 1259 679 1320 egc
711 1238 902 1318 respondeo,
928 1239 1147 1318 impiissimum

220 1340 290 1383 esse
311 1324 432 1395 sentire,
455 1322 538 1401 quod
560 1342 641 1402 papa
664 1321 777 1383 hebeat
797 1328 982 1402 potestatem
1005 1319 1148 1381 mutandi

220 1407 268 1466 ius
289 1404 435 1482 divinum,
457 1414 489 1465 et
509 1406 540 1466 id
562 1407 711 1483 relaxare,
732 1404 814 1483 quod
837 1406 951 1467 iustitia
972 1403 1081 1465 divina
1105 1404 1147 1463 in·

221 1486 307 1551 flixit
350 1488 421 1549 Non
442 1490 525 1549 enim
547 1488 634 1548 dicit:
674 1486 886 1566 Quodcunque
908 1507 967 1569 ego
991 1487 1146 1567 ligavero,

220 1578 253 1631 tu
274 1571 395 1648 solves,
418 1572 473 1633 sed
496 1571 584 1650 quod
600 1578 633 1631 tu
655 1572 773 1639 solves.
803 1571 936 1631 solutum
961 1572 1029 1631 erit.
1073 1570 1148 1630 Nou

220 1659 327 1715 autom.
344 1655 450 1715 omnic
469 1654 565 1734 ligata
586 1654 700 1731 solves,
723 1652 777 1713 sed
794 1660 854 1715 ate
872 1654 968 1733 ligata
983 1652 1147 1729 duntaxat,

220 1754 288 1799 noc
305 1755 325 1795 a
346 1746 396 1799 me
415 1737 520 1817 ligata.
562 1737 610 1797 llli
632 1756 705 1799 vero
729 1738 773 1799 sic
805 1736 994 1816 intelligunt:
1039 1734 1147 1811 Quod·

220 1837 341 1898 cunque
361 1819 491 1881 solveris
513 1821 579 1881 sive
599 1822 632 1879 in
644 1820 747 1898 coelo,
769 1820 882 1881 sivein
894 1827 984 1897 terra,
1007 1819 1144 1879 solutum

221 1903 294 1979 erit,
317 1920 386 1963 cum
408 1902 546 1963 Christis
566 1905 598 1964 in
621 1912 702 1965 terra
723 1902 888 1981 addiderit,
920 1901 1026 1963 dedita.
1047 1920 1147 1983 opera

220 1986 407 2065 restringens
432 1986 551 2047 clavem
573 1986 612 2045 ad
635 1995 756 2062 terram,
778 1985 909 2048 futurum
924 1984 1036 2063 sciens,
1059 1982 1146 2065 quod

222 2067 404 2147 perforeturi
428 2068 563 2147 alioquin
587 2074 691 2129 essent
712 2086 819 2128 ornnes
842 2067 959 2131 coelos.

305 2151 403 2214 Sexte
415 2159 472 2224 est,
494 2171 584 2230 quam
607 2153 681 2214 volo
703 2151 829 2233 liugero,
851 2151 951 2212 donee
972 2151 1064 2212 aliter
1080 2170 1145 2211 eru-

222 2233 308 2311 diar,
340 2253 430 2313 quam
458 2235 502 2296 illi
525 2235 630 2296 dicunt
650 2236 818 2296 secundum
840 2236 984 2296 iustitiam
1007 2233 1145 2296 divinam

226 2319 348 2396 requiri,
373 2325 407 2378 ut
428 2316 556 2382 satisfiat
574 2319 707 2378 iustitiae
724 2316 923 2399 drinae**).
945 2317 1144 2380 Haecautcm

224 2401 252 2459 si
271 2408 320 2461 cst
339 2400 401 2460 alia
422 2420 443 2460 a
465 2402 562 2462 tertia
575 2408 606 2462 et
619 2401 727 2480 quinta
749 2398 846 2484 (sicut
860 2407 993 2480 oportet,
1015 2401 1043 2460 si
1055 2399 1145 2460 debet

224 2490 313 2544 sexta
334 2490 437 2562 esce),
471 2503 533 2544 nou
560 2490 665 2563 potest
692 2484 740 2544 vel
770 2484 946 2564 imaginari,
979 2484 1040 2544 nisi
1064 2481 1144 2562 quod

225 2564 278 2627 ubi
295 2567 385 2628 tertio
407 2573 438 2626 et
457 2568 564 2645 quinte
584 2586 648 2627 non
671 2573 775 2626 essent
796 2567 888 2645 satis,
908 2573 981 2626 tunc
1001 2567 1072 2646 ipsa
1093 2567 1144 2626 im·

224 2655 407 2727 poneretur,
429 2651 547 2710 scilicet
566 2650 633 2728 plus
657 2651 815 2727 orationis,
837 2650 952 2730 ieiunii,
974 2649 1143 2728 eleemosy-

224 2749 295 2792 nae.
315 2736 364 2793 Ac
375 2732 458 2810 sic¹)
472 2733 542 2794 solo
555 2733 734 2795 intentionis
756 2731 852 2812 gradu
865 2732 992 2796 distaret
1006 2751 1027 2792 a
1042 2733 1143 2812 quicto

224 2814 275 2875 vel
295 2815 399 2892 tertia,
432 2806 495 2880 ntn
520 2816 611 2879 ,enim
638 2819 743 2894 potest
762 2815 891 2896 intelligi
912 2834 1015 2895 poena
1038 2814 1141 2890 civilis,

225 2899 301 2976 quic
317 2897 571 2980 hcnc·(nt.disi)
605 2917 669 2960 non
697 2899 837 2976 remittit,
871 2898 1016 2977 alioquin,
1039 2899 1142 2962 literae

224 2979 481 3060 indulgentiarum
501 2981 647 3042 tollerent
675 2982 779 3044 omnia
799 2979 937 3060 patibula
967 2977 998 3044 et
1026 2978 1142 3042 carnifl-

225 3064 309 3122 oinos
332 3083 387 3142 per
401 3064 573 3125 ecclesiam.
605 3063 667 3125 sed
689 3083 747 3126 neo
768 3071 878 3143 potest
891 3063 1021 3144 intelligi
1043 3082 1142 3144 poena

225 3147 377 3210 canocice
397 3165 453 3225 per
471 3146 617 3210 tudinium
639 3149 830 3211 contentiosi
847 3147 904 3209 lori
926 3146 965 3208 de
986 3149 1070 3212 tuoto
1091 3147 1139 3206 im-

225 3230 432 3308 peritatum
453 3249 525 3294 noc.
538 3231 665 3293 remittit
687 3231 1034 3308 excommunicationes,
1057 3231 1140 3290 iuter·

226 3310 323 3389 dicta,
351 3317 408 3376 cut
427 3312 507 3377 ullos
529 3330 675 3376 censuras
698 3313 923 3376 ecclesiasticas
945 3312 1091 3387 inflictus,
1111 3317 1141 3370 ut

299 3539 326 3595 1)
345 3533 375 3585 ln
395 3535 438 3587 ed.
456 3536 565 3601 princ:
587 3536 620 3586 si.
684 3537 688 3544 ⁴

300 3603 330 3668 ⁸)
350 3603 513 3658 Adversario
533 3594 697 3673 respondet,
719 3619 799 3671 quem
822 3605 951 3664 Leontem
973 3611 1068 3674 voest,
1091 3603 1139 3656 hoc

229 3677 284 3733 est,
303 3671 403 3736 pellem
423 3675 527 3741 leonis,
546 3691 619 3741 quae
637 3690 737 3742 graece
756 3673 856 3741 λεοντῆ
874 3676 982 3728 dieitur.
1021 3677 1090 3729 Nota
1102 3681 1139 3727 est

230 3739 263 3788 ds
277 3744 360 3792 asico
378 3745 481 3796 tabula.
553 3744 602 3812 ‘')
623 3745 814 3798 satisfactoria
830 3749 952 3802 iustitiae
972 3747 1091 3816 divinoe,
1115 3753 1139 3798 et

229 3807 360 3862 nucem
377 3826 395 3862 o
410 3816 611 3870 recentioribus
628 3823 748 3891 reperta.
