2600 4300
240 256 284 326 80
527 227 657 332 lipitoma
673 262 874 334 Responrlonia

240 429 338 493 Pasce
361 449 436 492 ovea
458 450 553 510 meaa,
574 431 635 494 hoc
658 438 714 514 est,
738 453 801 496 nou
816 435 979 516 scripturas
1002 455 1042 496 ex
1057 431 1175 514 Papae

240 515 415 594 autoritate,
438 513 493 576 sed
514 516 711 576 autoritatem
724 516 827 598 Papae
849 519 1066 599 exscriptoris
1091 535 1174 598 pen-

134 600 140 610 '
234 595 324 665 dere.
366 596 475 678 Neque
502 599 584 658 enim
610 597 849 690 ubiurgentur,
877 600 939 662 alio
973 599 1175 682 confugiunt,

240 699 332 760 quam
354 679 394 741 ad
414 679 522 742 barum
545 681 762 762 scripturarum
784 702 841 744 oen
869 683 1012 765 asylum,
1045 701 1113 764 quo
1139 701 1176 742 se

122 800 124 804 »
241 765 380 824 muniant
400 771 432 824 et
452 762 611 826 roborent.
653 765 696 826 At
715 785 798 827 nunc
816 773 904 828 satan
921 767 980 828 iste
999 767 1176 848 scripturas

239 865 295 928 per
307 848 464 909 homiuem
481 846 617 908 roborat
651 846 801 924 Quid‘est
821 849 1026 930 antichristus,
1048 851 1075 910 si
1099 847 1175 910 talis

239 930 324 1012 Papa
344 949 408 990 non
431 936 478 991 est
493 930 711 992 antichristus?
742 931 869 994 Orotan
886 941 984 1014 satan,
1001 951 1098 1013 quam
1120 930 1176 992 diu

239 1012 776 1095 abuterispatientiaCrsatoristuiin
786 1023 1022 1097 tuummagnum
1032 1013 1176 1096 malum?

322 1094 515 1177 Quamquam
542 1115 602 1177 ego
632 1096 731 1160 libens
754 1098 882 1168 admitto
906 1097 1054 1161 Silvestre
1078 1099 1175 1159 mise-

238 1179 342 1259 rabili,
371 1187 405 1241 ut
433 1181 601 1261 scripturae
621 1179 715 1242 robur
741 1201 760 1242 a
786 1181 871 1263 Papa
898 1183 1039 1264 accipiat.
1081 1180 1177 1244 Haec

240 1264 322 1324 enim
345 1264 404 1325 erit
424 1282 486 1323 una
506 1263 557 1323 via
582 1261 745 1344 negandae
771 1263 941 1346 tyrannidis
968 1263 1112 1346 papalis,
1141 1271 1177 1324 et

184 1401 191 1410 .
241 1345 338 1408 semel
359 1345 553 1411 evertendae.
598 1345 676 1408 cum
696 1348 778 1408 enim
799 1355 945 1428 papatum
973 1367 993 1409 a
1015 1347 1176 1428 scriptura

240 1435 391 1508 statuant,
423 1435 455 1490 et
481 1429 650 1510 scripturae
676 1431 870 1492 autoritatem
890 1450 947 1512 per
967 1432 1173 1492 autoritatem

200 1526 220 1586 χ
238 1513 343 1609 Papae
363 1512 502 1591 elevent,
530 1511 592 1572 iam
620 1511 706 1592 Papa
733 1511 818 1576 nullo
842 1515 1021 1576 testimonio
1044 1515 1174 1591 nitetur,

148 1601 152 1606 '
238 1597 298 1656 ursi
318 1597 365 1658 sui
391 1596 506 1676 ipsius,
537 1613 596 1655 nec
616 1596 683 1656 iure
712 1595 833 1675 divino,
866 1595 922 1658 sed
948 1616 1005 1658 suo
1040 1597 1171 1676 proprio

239 1678 341 1742 stabit.
384 1677 445 1741 Sed
467 1675 540 1758 quid
561 1678 721 1740 confutem
743 1677 860 1742 rabiem
886 1680 1061 1760 blasphemi
1092 1688 1172 1739 sata-

238 1781 298 1824 nae
319 1770 382 1824 tam
403 1761 664 1822 manifestariam?
679 1761 708 1838 ¹)
749 1759 874 1843 Optima
905 1765 963 1824 erit
984 1753 1171 1839 conlutatr‘o,

238 1847 265 1908 si
285 1843 423 1908 libellum
445 1845 556 1925 ipsum,
577 1850 611 1904 ut
631 1844 729 1909 editus
742 1853 799 1924 est,
821 1845 935 1906 nudum
952 1845 1171 1928 invulgavero,

238 1947 343 1992 secum
363 1928 458 1992 babet
478 1946 565 1988 suam
587 1929 843 2009 confutationem,
865 1928 1038 2010 plusquam
1060 1935 1172 2008 optare

238 2031 360 2092 queam,
379 2017 549 2092 potentem.

320 2095 428 2177 ltaque
449 2095 536 2176 lege,
557 2093 666 2171 lector,
688 2100 719 2157 et
739 2113 840 2176 geme,
862 2094 995 2176 gloriam
1017 2113 1168 2159 romanae

239 2180 390 2241 ecclesiae
411 2198 449 2241 ao
470 2176 630 2258 cecidisse,
649 2176 951 2260 utbaachaeretioa,
973 2177 1166 2259 blasphema,

239 2262 403 2339 diabolica,
423 2268 558 2323 tartarea
578 2281 700 2323 venena
721 2281 784 2323 non
807 2260 901 2323 modo
923 2264 1006 2325 intra
1036 2280 1072 2322 se
1097 2280 1166 2323 oon-

166 2395 173 2407 ,
239 2348 333 2427 cipiet
366 2352 398 2406 et
432 2344 514 2420 alst,
549 2344 605 2406 sed
643 2346 676 2405 in
710 2345 815 2407 orbem
848 2364 971 2425 quoque
1005 2351 1166 2425 propaget.

174 2462 177 2475 =
239 2428 322 2491 Eant
341 2448 423 2491 nunc
444 2429 497 2508 qui
517 2428 689 2509 gloriantur
711 2447 874 2491 romanam
903 2428 1071 2490 eccleciam
1093 2447 1164 2487 nun-

240 2531 331 2593 qnam
352 2512 446 2573 fuisse
467 2510 588 2573 haeresi
610 2512 863 2575 contaminatam.
910 2511 998 2574 Unus
1027 2510 1080 2571 hic
1111 2510 1164 2571 sil-

239 2602 341 2657 vester
385 2595 508 2675 Arium,
538 2594 753 2675 Manicheum,
782 2594 961 2675 Pelagium,
992 2601 1024 2655 et
1058 2612 1162 2655 omnes

201 2704 204 2708 ·
239 2679 317 2741 alios
338 2677 621 2759 incomparabiliter
642 2683 777 2759 superat.

316 2760 354 2837 ‚Si
374 2763 419 2823 sic
439 2760 540 2823 Roma
560 2760 668 2842 credit,
692 2761 785 2825 beata
798 2759 939 2842 Graecia,
963 2760 1057 2841 beata
1068 2753 1159 2821 Bobe-

239 2846 311 2926 mia,
333 2845 417 2907 beati
437 2864 562 2921 omnes,
583 2846 635 2925 qui
658 2862 727 2906 sese
748 2844 787 2907 ab
810 2863 849 2905 ea
870 2849 1107 2926 separaverunt,
1132 2848 1159 2901 et

240 2928 280 2989 de
308 2926 410 2991 medio
438 2929 527 2991 istius
547 2927 717 3008 Babylonis
739 2928 881 2989 exierunt
926 2926 1063 2989 damnati
1091 2943 1157 2985 vero

240 3031 364 3090 omnes,
398 3012 449 3091 qui
477 3012 505 3071 ei
532 3012 835 3073 communicaverint.
883 2974 925 3071 bt
951 3029 1011 3091 ego
1042 3026 1155 3089 quoque

239 3096 266 3157 si
286 3094 430 3157 Pontifex
453 3101 485 3155 et
505 3092 676 3155 cardinalis
697 3094 758 3155 boo
778 3112 813 3155 os
826 3099 953 3155 satanae
967 3109 1154 3172 compascua·
1183 3146 1184 3158 ,

239 3180 300 3239 rint
314 3185 346 3239 et
360 3177 400 3237 ad
412 3175 601 3257 palinodiam
613 3176 785 3258 adegerint,
797 3176 844 3237 his
863 3176 992 3238 testibus
1015 3174 1153 3236 confiteor
1182 3204 1183 3220 ι

239 3281 290 3323 me
317 3260 481 3332 dissentire
515 3279 664 3322 romanae
694 3259 864 3338 ecclesiae,
901 3267 933 3320 et
958 3278 1073 3339 negare
1093 3276 1150 3317 eam
1180 3264 1182 3329 fi

240 3365 309 3407 cum
330 3363 414 3426 papa
434 3350 465 3405 et
486 3342 699 3405 cardinalibus
727 3349 873 3421 tanquam
900 3342 1149 3403 abominationem
1179 3332 1181 3410 ζ

240 3434 371 3489 stantem
400 3429 432 3487 in
462 3428 532 3489 loco
564 3433 682 3487 sancto.
735 3426 897 3487 Exstinota
924 3431 973 3487 est
993 3426 1026 3485 in
1047 3443 1084 3486 ea
1099 3425 1148 3483 iam
1178 3450 1179 3474 i

178 3496 187 3509 ⁸
242 3510 355 3570 dudum
376 3508 469 3588 fides,
490 3511 696 3590 proscriptum
717 3508 926 3591 evangelium,
963 3508 1052 3569 exsul
1079 3505 1148 3567 Chri·
1176 3514 1178 3600 ,¹

243 3599 425 3672 atus,mores
437 3593 604 3673 plusquam
615 3590 776 3657 barbarici.
797 3590 867 3653 Una
879 3596 943 3653 erat
954 3590 1145 3670 reliquaspes,
1175 3628 1176 3664 ,

257 3702 260 3706 .
507 3705 514 3713 ,
1174 3686 1175 3726 l

300 3771 332 3841 1)
351 3772 383 3824 ln
401 3773 444 3828 ed.
461 3775 533 3828 lan:
552 3776 737 3829 manifestam.
1123 3837 1125 3851 Ι
1172 3820 1173 3852 ,

1161 4066 1169 4118 l
