2600 4300
169 332 174 346 ι
228 296 292 374 288
478 302 904 375 mesopontus.

229 488 417 546 crememus,
449 468 533 534 ducti
559 472 680 543 edlierst
694 492 698 499 ’
711 474 838 543 meliore
859 474 993 540 consilio
1014 473 1150 551 Ceteris,

229 572 322 632 quem
336 552 489 632 Scipionis
509 554 542 615 in
564 554 752 638 Carthagine
775 556 935 637 vestendn,
958 558 1021 621 imo
1044 564 1151 619 contre

229 635 420 698 voluntntem
452 638 591 717 spiritus,
625 640 678 718 qui
708 639 831 719 scribit,
863 640 936 705 ideo
968 639 1102 719 relinqui
1122 640 1153 699 in

228 725 310 779 terre
329 719 543 799 promissionis
565 720 738 787 iebusseos
760 722 1013 803 stomatasm,
1047 730 1081 783 ut
1101 720 1154 783 fllii

228 800 323 866 isreel
351 800 505 866 discerent
536 802 653 867 bellare
691 813 723 867 et
752 806 868 875 hebere
895 804 1154 875 consuetudinem

228 882 373 947 bellandi.
417 882 609 961 quossis
630 888 837 970 Hieronymus
868 908 932 951 non
955 888 1075 969 desipit
1097 908 1154 967 me,

227 974 303 1049 puto
324 966 365 1030 de
385 966 475 1030 bellis
486 968 711 1033 haeretieorum
725 971 973 1055 prestigsnetum,
996 972 1047 1033 vel
1071 978 1155 1031 certe

228 1050 389 1131 spostolus
419 1052 459 1115 sit
497 1050 608 1133 dignus
642 1053 722 1133 ilde,
759 1056 810 1117 ubi
839 1054 977 1135 dicim:
1023 1054 1157 1136 Oportet

227 1132 373 1198 haereses
395 1153 480 1197 esse„
528 1137 571 1197 At
590 1156 666 1201 nos:
699 1138 919 1218 Nequaquam,
952 1137 1008 1201 sed
1031 1145 1156 1219 oportet

229 1216 367 1279 comburi
387 1216 575 1297 haereticos,
604 1222 714 1283 eosic
742 1220 876 1286 redicem
905 1242 973 1297 cum
996 1220 1156 1299 frontibus,

227 1302 291 1366 imo
313 1300 469 1378 zirsnie¹)
494 1309 556 1363 tum
578 1304 844 1369 triticoereiiere.
1025 1366 1027 1371 .

312 1381 392 1458 Quid
413 1383 465 1445 hic
486 1383 629 1465 dicimus,
660 1388 720 1450 nisi
739 1387 824 1467 quod
846 1406 916 1449 oum
936 1387 1072 1450 inerimis
1095 1387 1155 1449 Do-

228 1467 314 1530 mino
336 1465 480 1529 dicimus:
506 1466 613 1539 Justm
636 1489 684 1547 es,
707 1470 853 1550 Domine,
886 1478 919 1531 et
938 1480 1056 1538 rectum
1081 1468 1156 1531 iodi-

229 1550 310 1612 cium
332 1549 439 1609 tuum?
461 1550 541 1629 quid.
556 1552 639 1613 enim
662 1552 745 1617 eliud
761 1551 937 1617 meremur?
957 1554 1062 1632 Atque
1078 1552 1158 1613 heee

229 1630 300 1692 ideo
325 1649 447 1711 quoque
463 1652 686 1713 commemoro,
709 1636 911 1717 nePigherdi,
935 1637 1032 1697 nostri
1050 1636 1155 1711 vicini,

228 1714 511 1792 humectiorem
533 1718 676 1798 populus,
698 1721 749 1798 qui
772 1719 893 1783 foetore
914 1720 1060 1781 Romano
1084 1738 1157 1798 geu·

229 1796 292 1877 det,
313 1799 392 1859 siout
412 1798 709 1881 Rharisueussuper
730 1802 939 1879 Publicanum,
960 1820 1027 1863 non
1048 1810 1156 1863 eutem

229 1882 430 1960 competitur,
451 1901 506 1960 ne,
535 1883 677 1963 inquom,
705 1885 749 1947 illi
771 1904 829 1949 uos
850 1886 1012 1949 crederent
1033 1886 1156 1945 nescire

231 1964 303 2025 uitio
330 1970 361 2025 et
382 1962 468 2027 lebes
489 1973 611 2043 nostres
662 1977 694 2029 et
716 1968 905 2033 ¹immensum
928 1967 1079 2035 advertus
1101 1986 1155 2027 no

229 2054 325 2110 suem
345 2048 500 2144 miseriem
528 2010 736 2150 superbirem,
771 2053 796 2111 si
827 2070 884 2113 noe
912 2054 971 2113 iste
997 2058 1104 2113 tecere
1127 2057 1157 2111 et

158 2175 169 2194 ·
230 2128 1187 2300 itiidiidiiimdttsiid⁸timidi-“miii·

231 2297 412 2359 semivivum
434 2299 617 2379 transimus.
632 2308 779 2382 tannem
800 2302 909 2365 alienis
931 2303 1070 2382 peccetis
1088 2300 1155 2380 poi-

230 2380 276 2444 iui
295 2381 482 2452 timeremus.
519 2381 594 2457 -Qun
613 2385 741 2450 tunoso.
759 2387 870 2448 umere
897 2385 941 2448 illi
967 2385 1014 2449 sic
1035 2385 1156 2460 timent,

231 2470 349 2536 utnon
372 2463 663 2546 pudesutglorisri,
678 2485 755 2539 ,sese
768 2467 846 2533 ideo
868 2468 991 2549 sugere,
1020 2486 1061 2531 ne
1083 2466 1157 2547 poi·

232 2547 363 2626 tuentur,
384 2555 471 2609 tants
492 2558 540 2610 est
561 2551 680 2612 ceritas.
723 2551 788 2618 Nos
811 2565 915 2626 νεα),Ι
929 2569 991 2632 quo
1013 2551 1155 2614 miserius

230 2630 352 2695 iuberet
372 2631 514 2711 eeclesis,
537 2652 576 2696 ee
587 2633 710 2701 fidelius
722 2636 893 2699 assistimus
906 2641 939 2696 et
956 2634 1155 2710 accurrimus,

231 2711 354 2792 flendo,
384 2714 518 2794 orendo,
549 2718 723 2797 monendo,
750 2717 955 2782 obsecrando.
997 2716 1050 2781 Sis
1072 2717 1155 2780 euim

231 2799 344 2867 osrites
361 2797 504 2876 iubet”)
528 2799 658 2868 sirenum
672 2801 796 2864 sltertm
814 2819 910 2864 onere
934 2808 1070 2882 portare,
1091 2819 1153 2862 non

233 2881 689 2954 sieut·beereticorum,enritss
710 2884 801 2964 tecit,
830 2903 910 2964 quse
938 2883 1039 2949 solum
1069 2901 1153 2952 udm-

231 2963 328 3033 mode
348 2966 466 3045 queerit
489 2965 631 3046 alterius,
659 2969 815 3047 otpertus
837 2974 990 3048 portetur,
1023 2973 1058 3028 st
1077 2965 1152 3029 nihil

230 3046 357 3117 molesti
377 3048 528 3116 sustinect
547 3053 724 3130 speceetis
741 3050 895 3113 eliorum
938 3048 1106 3128 Quomodo
1128 3049 1153 3110 si

233 3129 371 3200 Christus
392 3132 540 3196 voluisset
562 3133 667 3200 fusore
687 3135 838 3199 etosncti
859 3135 935 3213 eius,
952 3133 1023 3213 quis
1045 3132 1152 3196 inisset

230 3215 477 3284 seiros-fectus?
554 3251 574 3264 o
595 3260 598 3268 .
702 3231 714 3262 τ
875 3253 878 3268 ·

494 3329 711 3450 ⁰⁰¹¹⁰‘¹¹¹,³.i‘3‘
734 3335 891 3446 dxxxi:

315 3475 401 3535 Fecit
420 3476 499 3538 haec
520 3476 682 3542 licentiose
703 3482 861 3543 venierum
883 3480 1090 3562 praedicetis,
1115 3491 1150 3542 »nt

231 3575 298 3644 nec·
311 3561 514 3623 reverentiam
535 3579 636 3640 pspee
664 3564 754 3654 teoile
783 3567 822 3626 sit
842 3567 935 3628 etism
957 3563 1057 3628 doctis
1079 3567 1148 3628 viris

307 3722 334 3780 1)
354 3721 384 3772 In
403 3723 445 3777 ed.
464 3724 537 3776 Jen:
556 3714 702 3790 ommim.

306 3790 339 3857 ⁸)
358 3792 383 3844 1.
403 3793 465 3848 Cor.
488 3798 511 3847 i.
548 3797 573 3851 1.
594 3796 659 3854 Cor.
681 3803 721 3853 11.
759 3801 806 3866 ⁶⁸)
826 3796 886 3872 (isi.
904 3802 952 3872 6„
