2600 4300
268 301 311 368 34
505 301 940 373 mumulini

265 473 344 534 rimo
364 471 531 536 Aristotele
550 472 626 534 milri
644 474 795 552 οωιιπὶο,
816 471 901 552 quod
920 491 982 534 une
1002 471 1181 534 inoonreui-

266 556 331 616 enti
353 553 428 616 dato
469 554 537 616 lura
555 554 630 616 mihi
649 557 882 635 contingerent,
902 555 1020 616 scilieet
1040 573 1105 616 uon
1127 556 1180 614 mi-

266 656 324 698 nus
458 657 510 701 um
531 656 617 716 esse,
637 638 721 716 quod
742 640 882 700 timorem
903 638 1045 702 servilem
1064 639 1098 698 in
1119 639 1181 698 ani-

267 719 375 782 mabus
395 722 502 800 posiu',
531 739 623 800 qoam
648 722 783 782 tammus
811 727 1018 802 augmentum.
1060 719 1182 781 Deinde

264 809 308 885 tu,
330 821 423 882 quam
438 805 571 884 optimas
582 810 650 864 trias
664 805 896 866 convenientias
909 809 1090 885 prosecutus
1113 821 1182 864 eum

264 885 301 948 B.
316 885 437 948 Thema
449 887 670 959 eontrariuml)
685 888 807 966 asseris,
828 887 903 948 nihil
924 887 1062 968 allegans
1084 885 1179 964 aliud,

265 987 321 1048 pro
351 987 438 1030 more
465 976 535 1048 tuo,
558 971 617 1028 nisi
636 988 719 1032 uovs
739 968 909 1048 voeabula,
932 971 1064 1048 scilieet,
1098 968 1182 1048 quod

265 1053 388 1112 ani-se
407 1051 574 1114 seeundum
595 1052 746 1114 Thomam
769 1062 840 1114 sunt
859 1055 992 1114 viatores
1012 1051 1183 1114 seeundum

265 1133 355 1214 quid,
381 1153 444 1196 nou
467 1135 654 1214 simpliciter.
702 1134 777 1210 Quis
804 1135 882 1198 dixit
912 1135 966 1196 tibi
988 1141 1019 1196 et
1040 1133 1180 1196 Thomas

267 1235 336 1277 esse
358 1236 411 1278 ess
432 1218 566 1278 viatores
588 1218 756 1278 seeundum
778 1217 866 1296 quid,
898 1237 961 1280 uon
983 1216 1184 1297 simpliciter?

204 1345 208 1352 .
264 1299 315 1360 An
334 1299 518 1362 Aristoteles
533 1302 571 1362 in
591 1300 736 1362 Eleuehis
765 1300 852 1381 suis?
883 1301 952 1380 quis
979 1300 1184 1362 temeritatem

268 1388 321 1459 {ut
340 1390 373 1444 tu
394 1386 508 1460 roms)
530 1383 588 1444 tibi-
605 1385 744 1462 permisit
765 1383 919 1446 semtsndi
941 1384 1016 1460 eius,
1037 1382 1077 1444 ad
1101 1382 1183 1462 quod

264 1464 350 1527 nulla
368 1467 504 1546 suppetit
523 1467 613 1526 nobis
624 1469 713 1543 rato,
735 1467 880 1528 naturalis
901 1467 1092 1546 pressertim,
1115 1483 1183 1524 eum

265 1565 329 1609 nou
349 1548 502 1629 disputes,
530 1547 584 1608 sed
607 1548 756 1610 definias?
798 1549 848 1610 Au
870 1549 924 1610 illa
945 1555 998 1610 tua
1017 1547 1185 1610 fortuma

264 1632 353 1710 ratio,
374 1631 535 1711 quediuis,
555 1631 702 1711 Alioquin
723 1631 839 1694 bonum
861 1639 943 1694 esset
964 1633 1019 1708 eis,
1037 1631 1095 1692 diu
1118 1649 1184 1690 esse

264 1714 521 1857 gapurgstprio,
555 1720 590 1776 ut
620 1715 817 1794 perfectiores
850 1721 883 1776 et
902 1715 1181 1776 consummatores

345 1804 431 1858 erent

346 1878 415 1940 Hos
434 1885 647 1960 argumentum
668 1879 760 1942 eredo
780 1899 843 1942 non
865 1899 959 1960 posse
980 1879 1062 1959 fieri,
1085 1880 1185 1940 nisis

264 1961 433 2040 Themista,
445 1968 562 2024 tantum
572 1961 667 2024 habet
680 1964 839 2025 soumiuis.
874 1963 952 2024 Nam
971 1982 1011 2024 ex
1031 1981 1070 2024 eo
1094 1963 1184 2022 etism

264 2052 453 2123 sequeretur,
473 2043 589 2107 bonum
610 2065 690 2125 esse,
712 2053 746 2106 ut
766 2046 867 2108 nullus
890 2052 1066 2108 serstorum
1088 2064 1183 2132 more-

265 2133 356 2208 retur,
375 2134 408 2189 et
428 2133 461 2189 ut
475 2135 631 2209 martyres
652 2147 749 2209 usque
769 2129 801 2191 in
823 2129 905 2191 diem
924 2128 1028 2191 iudicii
1045 2147 1183 2194 carceres

197 2226 200 2233 ·
265 2216 298 2274 et
317 2210 447 2293 ungulus
467 2212 663 2293 sustinerent,
685 2214 757 2292 quis
777 2215 804 2273 si
824 2214 935 2275 eamme
956 2219 1061 2293 potest
1081 2213 1184 2293 augeri

263 2295 297 2355 in
319 2301 412 2373 stetu,
433 2295 464 2355 in
486 2313 547 2373 quo
569 2302 649 2373 suut,
671 2294 787 2357 bonum
808 2302 865 2373 est,
887 2302 920 2358 ut
941 2296 992 2357 diu
1012 2297 1043 2357 in
1056 2295 1114 2357 illo
1126 2315 1184 2357 me-

263 2384 368 2456 neaut,
392 2378 453 2438 hoe
473 2385 529 2456 est,
551 2396 674 2457 semper
694 2379 862 2439 morientur
882 2397 938 2459 pro
962 2379 1103 2457 Christo,
1127 2396 1184 2457 quo

264 2460 465 2540 perfectiores
486 2460 628 2531 eredunt
670 2460 756 2533 Haee
767 2468 808 2541 tu,
821 2468 856 2521 ut
868 2458 955 2539 dieis,
976 2480 1040 2523 non
1052 2469 1184 2541 sequeus

265 2560 379 2602 rosum
399 2543 562 2620 novitates,
584 2543 639 2605 sed
662 2545 793 2625 vestigia
813 2551 998 2607 sauctorum.

348 2624 508 2685 Decimam
529 2632 687 2706 astarem,
715 2626 766 2689 ubi
787 2626 914 2689 videbas
935 2644 986 2689 me
1006 2633 1116 2707 petere
1137 2646 1183 2687 au-

257 2708 422 2769 toritatem
441 2709 610 2787 seripturse
630 2710 845 2788 saltationis,
868 2711 999 2789 omittis,
1020 2710 1082 2773 nisi
1104 2709 1184 2789 quod

265 2791 428 2851 autoritate
453 2798 627 2853 sanctorum
655 2793 825 2873 pluraliter,
845 2792 877 2855 id
898 2799 963 2871 est,
984 2792 1016 2855 S.
1037 2790 1184 2871 luemus,

263 2872 341 2935 dieis
357 2872 423 2935 teri
442 2882 656 2954 argumentum
676 2875 843 2955 probabile.
879 2874 1027 2939 Ooneedo
1050 2895 1122 2940 esse
1142 2896 1184 2936 ar-

265 2962 442 3036 gumentum
463 2957 633 3036 probabile,
653 2960 684 3019 id
705 2965 761 3037 est,
783 2958 906 3020 dubium
929 2964 961 3019 et
981 2958 1183 3037 dialecticum,

154 3067 158 3074 -
264 3039 315 3099 eui
335 3058 399 3101 uon
421 3041 461 3101 sit
480 3043 688 3104 neeessariam
710 3042 859 3103 assedere
880 3040 950 3103 fids.
992 3040 1034 3103 Et
1054 3042 1115 3105 heo
1134 3049 1184 3102 tus

264 3121 458 3201 professione
477 3122 655 3195 obstrietum
683 3132 714 3185 te
723 3122 756 3208 ²)
780 3124 868 3202 vols,
896 3132 939 3202 ut,
968 3125 1090 3209 quoties
1111 3124 1182 3187 mihi

264 3203 301 3267 D.
318 3202 468 3266 Thomam
489 3205 632 3284 adducis,
666 3208 732 3267 sine
759 3208 918 3289 seriptura,
950 3208 1017 3269 sine
1038 3207 1183 3288 patribus,

265 3288 332 3349 sine
353 3288 502 3368 eoelesis,
530 3290 597 3351 sine
623 3292 742 3352 ratione
763 3291 962 3371 loquentem,
995 3291 1183 3367 memoriis,

264 3377 297 3431 te
316 3370 490 3446 dimeemm,
509 3390 572 3433 non
594 3372 774 3453 theologum
794 3393 905 3455 egere,
926 3373 959 3435 id
979 3382 1047 3454 est,¹
1073 3374 1182 3454 probe-

264 3452 338 3514 bilia
359 3454 572 3516 tantummodo
594 3456 726 3536 tradere,
748 3473 812 3518 uon
835 3456 1002 3539 eredibilia.
1065 3531 1068 3535 .

347 3535 428 3611 Quid
448 3536 544 3618 ergo?
586 3538 655 3599 Hoe
668 3544 759 3619 paeto
771 3542 832 3601 ism
846 3540 972 3601 omuino
984 3542 1182 3601 senserimus

322 3795 654 3864 t)1bid.:eoutrarism.
689 3802 723 3868 2)
743 3802 774 3854 In
792 3801 835 3855 ed.
854 3804 942 3871 prino,
962 3800 1053 3877 deest:
1071 3808 1107 3857 ts.
