2600 4300
400 262 819 375 reomaendmuuuun·
1015 294 1073 375 sot

154 468 273 545 tetum,
305 473 338 529 et
356 467 610 551 impedimentum
630 466 920 553 impedimentorum
942 467 1076 541 omnium

152 546 292 611 ultimum
316 555 348 611 et
369 552 537 615 maximum
559 556 617 616 eet.
995 547 1000 555 ’

474 730 694 795 Conolusio
721 730 759 792 X.

234 874 369 941 Indoote
391 886 425 946 et
443 878 525 942 male
546 880 662 942 iaciunt
684 878 862 943 sacerdotes
884 878 916 957 ii,
940 878 992 961 qui
1013 897 1076 942 mo·

151 958 254 1021 rituris
274 963 488 1041 poenitentias
510 965 677 1025 senonicae
698 963 728 1023 in
751 962 960 1044 purgatorium
980 981 1077 1025 reser-

151 1048 235 1107 vans
1048 1081 1051 1087 ·

232 1122 277 1186 m
296 1125 360 1187 boo
381 1146 504 1207 quoque
516 1126 714 1189 corollarium
737 1128 932 1189 manifestum
946 1132 993 1187 est
1006 1145 1077 1189 oon-

151 1206 302 1269 elusionis
325 1209 355 1272 8.
377 1208 418 1269 Et
439 1218 522 1271 certe
543 1219 614 1271 sunt
634 1210 785 1287 nonnulli,
808 1211 860 1289 qni
873 1210 1019 1271 mirantur
1035 1209 1077 1289 ¹),

152 1291 178 1349 si
211 1286 297 1351 haee
333 1290 412 1353 fiant
446 1312 465 1352 a
499 1292 719 1354 sacerdotibus.
770 1292 812 1353 At
847 1290 952 1371 utique
989 1288 1075 1353 liunt.

153 1372 233 1435 cum
254 1392 332 1437 vero
362 1374 393 1433 id
422 1375 462 1437 sit
481 1374 549 1456 plus
572 1374 779 1437 obedientiam
808 1392 960 1438 canonum
985 1392 1076 1455 quam

153 1454 367 1516 obedientiam
390 1458 529 1517 vocantis
552 1456 610 1518 Dei
632 1456 820 1538 ponderare,
843 1464 874 1519 et
895 1456 1006 1517 viliora
1028 1475 1076 1518 oa·

152 1556 271 1597 nonum
295 1557 392 1618 opera
412 1540 567 1619 praeferre
589 1542 689 1621 pretio
710 1540 950 1621 pretiosissimae
972 1540 1077 1598 mortis

153 1618 428 1699 Christianorum,
462 1623 568 1683 neseio
602 1622 819 1687 aiilltreobe
846 1620 919 1681 fidei
939 1620 1077 1702 regulam

153 1710 295 1781 teneant,
318 1703 446 1783 quitali
468 1705 575 1765 imbuti
598 1711 669 1764 sunt
691 1704 847 1785 opinione.

238 1784 386 1849 &eundo
407 1785 440 1847 id
459 1794 568 1849 notum
590 1793 654 1865 est,
677 1794 708 1847 et
728 1786 897 1867 insignibus
920 1784 1077 1849 autoribus

155 1868 281 1933 oelebre
300 1871 334 1931 in
356 1869 499 1931 eoelesia:
520 1868 553 1931 Si
575 1888 667 1948 quem
688 1869 771 1931 Deus
793 1868 949 1931 bominem
973 1870 1004 1929 in
1016 1887 1077 1931 mer

154 1950 210 2012 diis
233 1952 311 2032 ipsis
334 1951 478 2032 operibus
501 1950 696 2013 obedientiae
716 1952 945 2016 eooleeiastioae
966 1950 1005 2011 ad
1029 1970 1077 2024 eof

155 2034 253 2099 stanin
275 2040 401 2115 raperet
421 2035 471 2095 vel
493 2034 679 2115 singularem
701 2032 973 2110 illuminationem,
994 2041 1078 2095 tene·

155 2123 203 2179 tur
223 2117 322 2180 bomo
343 2123 408 2178 tum
431 2135 508 2198 opus
525 2117 727 2180 intermittere
750 2123 782 2180 et
800 2116 1007 2190 obedientiam
1031 2134 1077 2180 eo

157 2200 272 2263 elesiae
292 2200 468 2279 relinquero
487 2197 525 2283 ⁴)
549 2207 581 2260 et
601 2201 669 2262 Deo
693 2199 823 2280 obsequi
844 2201 959 2281 magis,
986 2217 1077 2278 quam

156 2282 344 2349 bominibus.
384 2282 452 2344 lmo
475 2282 580 2345 dieunt
600 2284 632 2344 in
654 2283 728 2362 ipsis
750 2283 833 2344 boris
855 2282 1012 2347 eanoniois
1034 2287 1078 2344 at-

158 2367 329 2428 tentionem
350 2364 512 2426 verborum
536 2364 650 2428 debere
673 2366 781 2446 omitti,
808 2371 916 2428 eontra
935 2383 1081 2444 praeoap·

159 2455 220 2510 tum
251 2447 424 2526 eoolssiae,
456 2449 483 2508 si
505 2467 567 2528 qua
595 2449 731 2508 arriserit
752 2447 896 2510 eoelestis
915 2447 1079 2510 illustratio

161 2529 347 2592 studeatis.
379 2529 412 2592 si
433 2548 508 2610 ergo
530 2531 561 2594 in
583 2531 621 2592 iis
636 2530 851 2592 vooetionibus
872 2531 1018 2592 feriantur
1039 2529 1081 2593 les

162 2632 216 2694 goe
236 2612 408 2691 eeclesiae,
430 2612 589 2692 quomodo
609 2632 674 2674 non
695 2613 841 2674 feriantur
863 2613 894 2676 in
917 2613 1081 2682 vocatione

163 2702 193 2759 et
212 2695 327 2759 autaut
355 2701 419 2757 tarn
440 2715 567 2777 magna,
603 2696 722 2758 soilioet
749 2695 876 2756 mortis?
918 2695 983 2756 Nisi
1003 2695 1082 2758 torta
1146 2747 1157 2772 ,

163 2779 324 2842 stultorum
350 2779 438 2857 sequi
458 2784 582 2858 oportet
604 2777 851 2854 multitudinem,
882 2779 933 2856 qul
955 2778 985 2838 in
1009 2795 1081 2857 ope·

165 2861 246 2925 ribue
267 2862 332 2922 suis
354 2859 610 2925 oeremonialibus
623 2863 667 2922 ita
688 2861 825 2937 haerent,
848 2859 1081 2923 utmuniiestam

166 2943 373 3006 obedientiam
394 2943 452 3004 Dei
485 2949 517 3004 et
536 2942 698 3004 bominum
725 2951 851 3023 propter
877 2943 932 3002 illa
960 2943 1081 3022 saepius

101 3077 105 3086 .
166 3032 373 3105 postponant,
411 3031 546 3089 streete
567 3024 625 3086 sibi
646 3025 757 3086 ieoisse
778 3025 954 3103 videantur,
985 3025 1011 3086 si
1031 3023 1084 3084 illa

168 3115 303 3186 tautum,
324 3115 429 3173 uetera
450 3126 525 3170 varo
546 3125 701 3187 nunquam
723 3108 860 3170 innuunt.

244 3190 371 3266 Tertio,
401 3197 483 3252 esset
504 3209 580 3252 sana
601 3190 734 3252 eoelesia
756 3199 825 3254 tum·
841 3190 915 3252 satis
937 3188 1031 3267 impia
1052 3188 1083 3248 iu

170 3273 274 3352 Deum,
295 3274 322 3334 si
342 3273 463 3336 soilioet
479 3292 552 3337 eum
572 3274 604 3332 in
616 3291 673 3334 suo
685 3273 752 3336 toro
771 3274 916 3334 retineret
937 3269 1083 3347 interiori,

173 3374 258 3434 quum
279 3356 363 3419 Deus
385 3355 448 3417 iam
468 3354 508 3418 ad
529 3375 616 3420 suurn
640 3355 771 3420 tribunal
795 3373 969 3435 supremum
982 3359 1084 3429 vooat,

174 3446 222 3502 aut
241 3436 366 3518 quaudo
396 3439 510 3518 patitur
530 3457 667 3498 summus
699 3439 839 3518 pontifex
869 3455 956 3497 reum
988 3435 1085 3497 teneri

243 3718 273 3785 1)
294 3715 327 3770 ln
346 3678 483 3773 eufran:
502 3717 644 3770 mirentur.

243 3791 274 3856 ⁸)
293 3789 353 3844 Deo
371 3788 434 3858 plna
453 3787 625 3858 parendum,
643 3802 726 3857 quam
746 3785 909 3840 canonibus.
