2600 4300
195 311 257 376 148
446 313 643 378 auersum
661 313 770 384 Dispnt.
788 313 867 368 Lntlu

194 480 338 542 indicium
370 481 477 542 mortis
507 500 571 544 non
598 481 787 544 imminebat.
835 479 910 542 Ideo
938 479 978 542 de
1005 485 1116 559 quarte

194 565 299 644 specie
320 569 352 624 et
372 565 462 624 tertia
483 564 539 626 fuit
560 567 625 626 eius
639 584 752 645 poene,
774 567 845 644 quia
858 562 1015 643 flagellum
1033 581 1114 624 mor·

195 647 233 707 tis
254 647 376 724 tulitin
404 645 498 708 corde
519 650 669 726 contrito,
701 647 797 708 Maria
830 665 904 708 vero
927 644 1116 726 Megdslene

193 731 226 790 in
246 731 337 792 tertie
357 731 462 810 specie
483 749 601 810 poenas
622 731 736 809 luebat,
759 749 859 810 neque
881 736 985 810 potest
1008 728 1115 790 doceri

193 812 283 874 sliam
311 813 406 874 fuisse
431 813 497 874 eius
525 833 676 893 poenam,
708 822 742 874 nt
768 820 862 892 petet.
904 812 951 874 De
979 811 1115 891 leprosis

193 913 266 956 vero
290 895 377 974 dico,
406 895 490 975 quod
517 915 580 958 non
607 896 648 958 ed
677 897 918 958 satisfactionem
946 893 1114 956 ostendere

193 998 227 1038 sa
248 980 323 1039 iussi
344 984 432 1053 sunt,
454 977 509 1040 sed
529 979 570 1040 ad
591 980 808 1042 testimonium.
850 978 922 1040 Non
943 977 1025 1038 enim
1047 980 1116 1038 erat

192 1061 280 1141 lepra
305 1069 483 1142 peccatum,
514 1062 569 1123 sed
591 1061 783 1144 significabat
803 1068 979 1144 peccetqm,
1009 1065 1113 1124 osten-

192 1145 238 1205 sio
262 1154 363 1205 eutem
385 1146 505 1224 p'ecceti
526 1165 589 1206 non
613 1153 661 1206 est
682 1144 863 1224 satisfactio,
885 1143 940 1204 sed
963 1142 1112 1204 iudicium

192 1228 311 1306 quaerit
331 1227 511 1305 sacerdotis,
532 1235 566 1288 ut
587 1228 666 1288 haee
688 1236 762 1288 note
783 1235 853 1288 sunt
874 1227 957 1288 satis.

273 1309 434 1388 Secundo,
464 1310 562 1390 probo
585 1311 818 1373 conclusionem
840 1311 898 1370 sic:
926 1308 1003 1370 lllae
1032 1309 1112 1370 duae

191 1398 361 1472 potestates
383 1393 500 1474 ligendi
521 1402 554 1454 et
574 1393 717 1454 solvendi
739 1399 810 1454 sunt
831 1392 977 1471 aequales
1010 1398 1042 1452 et
1064 1411 1112 1450 su-

190 1494 247 1553 per
266 1475 396 1536 eandem
420 1478 589 1539 materiam.
632 1477 694 1538 Sed
716 1495 851 1550 sumplus
875 1474 1020 1555 pontifex
1044 1475 1111 1534 nul·

191 1557 252 1618 lem
272 1557 367 1619 hebet
387 1557 484 1639 ligare
511 1567 543 1620 et
562 1561 722 1639 imponere
750 1577 884 1638 poenam
910 1563 1033 1638 praeter
1062 1575 1112 1618 ee-

191 1641 335 1700 nonicam
356 1661 412 1702 seu
436 1643 587 1720 quintam,
621 1661 695 1722 ergo
724 1660 783 1702 nee
808 1641 901 1701 ullam
929 1639 1053 1701 solvere
1081 1646 1114 1700 et

192 1722 311 1784 tollere.
354 1725 418 1784 Aut
438 1725 617 1802 dicendum,
646 1723 724 1785 dues
751 1724 820 1786 illes
848 1730 1018 1804 potestates
1040 1741 1113 1783 esse

191 1807 365 1884 inaequalis
387 1807 563 1870 latitudinis.
606 1806 698 1882 Quod
729 1807 754 1868 si
781 1807 842 1868 hoc
869 1805 991 1885 dicitur,
1016 1824 1111 1866 nemo

190 1897 313 1950 tenetur
344 1890 485 1967 credere,
523 1892 601 1970 quia
627 1891 719 1950 nullis
741 1891 897 1969 seripturis
924 1887 1109 1950 canonibus-

189 1989 249 2050 que
270 1971 431 2055 probetur,
459 1991 530 2034 cum
560 1975 600 2034 sit
620 1973 721 2034 clarus
748 1980 864 2052 textus,
896 1973 946 2034 nbi
970 1970 1109 2032 Christus

188 2053 283 2134 ligere
305 2064 528 2134 superterram
551 2063 582 2116 et
603 2056 724 2118 solvere
746 2074 839 2135 super
873 2061 982 2116 terrem
1012 2053 1109 2134 dedit,

188 2137 357 2217 aequaliter
378 2146 540 2220 utramque
562 2138 767 2201 mensurando
790 2146 821 2199 et
842 2136 1050 2201 extendendo

270 2220 391 2301 Tertio,
422 2231 510 2283 extro
530 2223 569 2283 de
591 2242 660 2303 poe.
684 2231 715 2285 et
735 2242 778 2283 re.
808 2222 858 2285 lib.
881 2227 909 2286 ὁ.
939 2241 981 2281 e:
1015 2219 1109 2295 Quod

188 2309 308 2380 sutem,
336 2324 481 2385 expresse
503 2306 593 2382 dicit,
622 2307 820 2367 remissiones
841 2306 886 2367 eis
907 2322 971 2367 non
992 2305 1109 2381 valere,

190 2404 269 2465 qnae
288 2405 353 2448 non
375 2390 487 2449 fuerint
507 2388 546 2449 ab
569 2407 676 2451 eorum
696 2389 797 2449 iudice
818 2389 928 2465 factae,
950 2406 1018 2450 cum
1041 2386 1108 2447 nul-

187 2468 237 2529 lus
255 2469 418 2550 liguriunt
438 2471 519 2531 solvi
540 2473 639 2551 possit
668 2492 687 2533 e
714 2490 777 2533 non
805 2490 861 2533 suo
890 2470 1000 2533 iudice.
1043 2469 1107 2531 eeu
1214 2520 1215 2527 ,

187 2557 303 2613 certum
326 2560 386 2629 est,
420 2554 503 2633 quod
530 2554 624 2615 homo
653 2573 717 2615 non
744 2561 791 2615 est
819 2554 874 2615 sub
895 2553 1107 2616 iurisdictione
1214 2556 1215 2573 ¹

183 2654 287 2714 papae
309 2637 340 2695 in
360 2636 384 2699 l.
406 2637 443 2699 ll.
464 2637 516 2697 lll.
530 2636 582 2699 lv.
600 2637 651 2697 Vl.
673 2638 793 2717 poenis,
816 2636 871 2699 sed
892 2636 1106 2698 tantummodo

186 2719 218 2777 in
238 2717 277 2795 V,
298 2725 332 2778 ut
354 2719 435 2780 clere
458 2727 553 2799 patet,
574 2726 606 2781 et
625 2721 724 2801 magis
745 2720 824 2781 infre
844 2720 969 2800 patebit.

486 2916 632 2982 Coroll.
656 2918 799 2997 sequitur.

209 3128 214 3134 ἱ
269 3049 360 3125 Quod
380 3052 549 3113 satisfactio
564 3052 795 3115 sacramentslis
815 3071 877 3115 non
891 3044 1018 3129 dicitur,
1033 3054 1106 3130 quie

186 3152 243 3212 pro
265 3133 357 3214 culpa
378 3135 527 3197 satisfecit
546 3136 725 3215 simpliciter
756 3133 847 3217 (quie
865 3153 922 3215 pro
946 3134 1037 3214 culpe
1059 3154 1105 3195 sa-

187 3216 300 3277 tisfecit
321 3219 412 3279 tertia
432 3228 464 3278 et
486 3227 594 3297 quarte
614 3222 734 3298 poena)
767 3218 821 3279 sed
843 3219 915 3297 quia
934 3235 991 3298 pro
1013 3217 1105 3297 eulpa

185 3299 353 3362 secundnm
374 3308 488 3361 statuta
510 3301 664 3363 eccles'me
686 3301 842 3365 satisfecit.
864 3301 999 3363 Maxime
1020 3302 1102 3361 enim

184 3380 251 3443 Deo
274 3382 384 3444 satisfit
403 3404 460 3465 per
479 3403 594 3445 novam
620 3386 713 3446 vitam
737 3384 854 3459 ete.*).

265 3465 328 3527 Sed
349 3487 405 3545 per
425 3468 589 3546 scripturas
611 3486 735 3547 quoque
748 3466 940 3547 probandum
959 3472 1014 3545 est,
1038 3484 1100 3528 nou

183 3550 295 3627 requiri
321 3550 456 3628 aliquem
485 3550 726 3611 satisfactionem
739 3543 746 3555 '
761 3568 816 3631 pro
847 3551 990 3631 peccatis.
1044 3548 1100 3611 Hic

272 3814 285 3865 l
304 3814 385 3868 Nova
401 3818 458 3869 vite
475 3819 581 3884 optima
598 3818 757 3873 satisfactio.
