2600 4300
121 399 125 412 ,
228 315 292 403 ‘tto
363 336 450 404 sna
469 330 549 395 cut.
567 336 602 396 a
620 335 716 397 aem.
736 336 774 394 aa
790 335 825 396 c.
838 333 1019 405 annianum.

470 535 608 637 'l'ltoli
639 539 679 634 S.
709 535 937 642 Laurentii

229 736 265 800 In
298 739 451 803 Damasco
488 739 653 821 Presbyter
680 737 772 805 Oard.
794 737 841 804 De
877 725 970 807 Medi.
995 735 1037 810 fl·
1061 733 1100 806 R
1119 737 1155 804 a

229 821 398 910 Magnifico
423 821 557 886 Domino
587 821 724 908 Georgia
752 819 933 918 Spalatioo,
957 819 1156 917 llldstrissimi

232 901 390 976 Saronico
410 905 504 970 Ducis
517 905 700 986 Secretario,
722 905 831 970 Amico
850 911 957 977 nocuo
978 923 1155 988 precamus.

225 1134 230 1144 ,
314 1051 633 1154 MagnificeDomine,
655 1071 754 1136 amice
771 1077 877 1138 noster
888 1071 1069 1167 praecipua
1090 1089 1154 1140 cum

232 1153 415 1221 venerabilis
436 1155 586 1216 Dominus
611 1151 741 1217 Carolus
762 1153 801 1218 de
822 1149 950 1234 Militia,
973 1153 1154 1224 armaspi

231 1233 357 1303 Domini
378 1239 476 1298 nostri
497 1235 706 1303 cubicularius
729 1245 886 1315 secretus,
914 1257 970 1320 pro
999 1236 1154 1303 nonnullis

233 1321 298 1395 eius
321 1321 454 1402 negotiis
476 1321 515 1380 ad
538 1319 774 1383 illustrissimum
795 1319 979 1402 Principem,
1002 1319 1154 1388 Saxoniae

234 1401 372 1483 Ducem,
400 1423 435 1464 ae
456 1403 612 1481 conferat,
633 1402 846 1467 desiderantes
868 1403 940 1483 sibi,
964 1421 1026 1484 quo
1048 1421 1154 1486 possu-

234 1505 311 1567 mus,
332 1483 438 1550 favore
451 1495 484 1548 et
497 1487 612 1548 auxilio
624 1486 745 1566 adesse,
767 1487 865 1550 visum
879 1493 927 1548 cst
938 1486 1031 1551 nobis
1044 1485 1154 1574 magui·

233 1567 389 1635 dcentiam
409 1577 554 1646 vestram,
576 1589 655 1650 quae
677 1569 840 1652 plurimum
862 1568 944 1650 apud
967 1569 1035 1632 eius
1058 1567 1154 1638 excel

231 1651 358 1718 lentiam
381 1654 545 1715 autoritate
567 1661 599 1714 et
617 1655 717 1733 gratia
738 1652 831 1731 valet,
854 1654 944 1716 enixe
966 1649 1104 1729 hortari.
1125 1661 1154 1715 ut

234 1755 296 1798 non
320 1735 419 1798 solum
440 1733 576 1796 eiusdem
599 1734 702 1796 Caroli
730 1735 821 1797 rebus
843 1735 957 1816 favere,
979 1733 1037 1804 sed
1059 1733 1153 1800 eidem

138 1837 169 1902 Ι,
231 1820 265 1910 in
286 1819 442 1882 nonnullis
464 1819 617 1881 honorem
638 1825 671 1878 et
689 1818 867 1900 dignitatem
890 1819 1076 1887 sanctissimi
1097 1817 1153 1883 Do-

234 1902 308 1966 mini
329 1903 426 1966 nostri
454 1907 486 1962 et
517 1909 646 1964 sanctae
667 1898 827 1964 Romanae
849 1899 1010 1966 Ecclesiae
1033 1921 1153 1967 coace-

234 1984 393 2064 nentibus,
421 2003 500 2064 quae
521 2004 626 2046 coram
649 1984 757 2048 melius
780 1983 967 2065 explicabit,
990 1983 1084 2051 fidem
1105 1983 1151 2046 ad-

233 2065 342 2130 hibere
375 2073 406 2128 et
436 2086 486 2128 res
508 2067 735 2131 ecclesiasticas
755 2068 896 2149 praelato
919 2067 1020 2130 Princi
1044 2067 1054 2126 i
1075 2086 1151 2138 com·

236 2151 383 2215 utendare
404 2150 498 2227 velit,
520 2170 576 2233 per
597 2151 677 2216 illius
700 2152 916 2213 excellentiam
939 2087 1151 2248 praedecesso·

235 2254 302 2295 rum
323 2254 446 2297 suorum
459 2252 545 2294 more
564 2232 714 2295 fovendas
733 2240 764 2295 et
776 2235 919 2315 tuendas,
941 2255 974 2295 1n
993 2254 1056 2315 quo
1075 2252 1150 2319 mag-

236 2314 392 2384 nificentia
413 2325 515 2379 vestra
536 2318 729 2378 sanctissimo
751 2316 885 2378 Domino
906 2325 1013 2379 nostro
1045 2324 1076 2381 et
1102 2337 1150 2383 uo-

235 2398 282 2463 bis
305 2400 467 2480 plurimum
498 2398 680 2477 satisfaciet,
710 2400 757 2459 cui
785 2419 843 2461 nos
876 2398 1051 2481 offerimus,
1079 2419 1150 2483 quae

235 2483 315 2548 bene
337 2482 452 2560 valeat,
472 2503 512 2543 ex
533 2482 678 2546 Corneto.

422 2564 486 2628 Vll.
507 2566 653 2629 Januarii.
695 2564 971 2633 Annonam.
998 2656 1001 2662 Ι

319 2718 410 2778 Anno
433 2718 466 2791 *)
495 2736 514 2777 a
534 2716 629 2778 natali
652 2716 763 2779 Christi
784 2714 945 2781 mnnlx.
980 2721 1011 2779 in
1034 2718 1149 2785 Germa·

236 2804 318 2863 niam
357 2800 396 2861 ad
434 2798 669 2861 illustrissimum
702 2800 874 2883 Principem
902 2800 939 2864 D.
971 2802 1148 2863 Fridericum

235 2880 351 2947 Ducem
365 2882 529 2961 Senoniae,
551 2882 726 2945 Electorem
750 2892 818 2964 etc,
843 2873 950 2946 missus
965 2891 1012 2946 est
1024 2905 1044 2947 a
1056 2885 1149 2955 Leone

235 2960 386 3029 Pontiflce
407 2966 548 3028 Romano
557 2962 687 3027 Carolus
709 2966 855 3047 Miltitius,
878 2977 967 3029 natus
990 2970 1023 3029 in
1044 2968 1150 3030 familia

236 3050 333 3113 nobili
345 3048 500 3127 llisnensi,
525 3048 667 3111 adferens
691 3048 882 3114 aLeone‘X.
901 3050 1031 3131 Rosam,
1054 3060 1086 3113 ut
1104 3070 1148 3113 ro·

239 3141 319 3277 can&
341 3150 476 3210 auream,
502 3141 703 3195 monstratam
725 3132 845 3195 Romae
867 3134 1032 3195 Dominica
1054 3142 1150 3219 quarta

281 3218 507 3297 aragesimae,
542 3220 576 3275 ut
604 3217 795 3278 consuetudo
825 3225 872 3277 est
896 3216 946 3280 ibi.
981 3217 1049 3278 Etsi
1077 3220 1148 3281 enim

238 3231 314 3361 gili
327 3296 496 3361 Fridericus
518 3317 579 3359 non
602 3300 802 3381 profitebatur
823 3320 856 3361 se
873 3298 1066 3363 defensorem
1088 3320 1148 3367 esse

240 3400 356 3457 eornm,
380 3396 459 3461 quae
481 3389 589 3441 contra
608 3380 819 3465 indulgentias
841 3382 980 3445 ediderat
1000 3384 1038 3445 D.
1058 3382 1148 3445 lierti-

203 3536 208 3553 .
239 3482 296 3522 nas
317 3462 482 3547 Lutlrems,
510 3470 612 3524 tamen
634 3484 693 3525 nec
714 3465 845 3527 iudicem
863 3484 901 3527 se
928 3466 1031 3529 iacere
1052 3466 1148 3544 voluit,

294 3610 325 3675 *)
345 3610 419 3663 Haec
437 3612 528 3663 brevis
548 3614 670 3663 narratio
690 3611 724 3663 de
744 3610 845 3667 Carolo
858 3588 964 3665 llliltitio
989 3614 1096 3666 reddita
1112 3620 1147 3666 est

241 3692 277 3729 ex
295 3679 338 3732 sd.
357 3680 428 3747 Opp.
448 3680 526 3733 luth.
552 3680 680 3746 ienensi,
704 3689 732 3735 et
756 3686 911 3753 composita
935 3699 996 3737 esse
1016 3684 1145 3737 videturn

241 3744 362 3814 euporo
374 3752 524 3819 Ornctgsro
546 3753 586 3804 vel
597 3751 718 3821 Georgia
740 3756 866 3820 Rotario,
886 3757 931 3824 qui
941 3754 1053 3809 Lntheri
1070 3771 1145 3825 opera

241 3812 325 3869 ienae
340 3820 370 3869 tn
388 3819 488 3887 vulgus
507 3820 660 3876 ediderunt
