2600 4300
262 318 345 456 52·
430 365 433 370 -
515 321 673 391 Ropousa
693 319 721 374 l).
739 319 819 376 liert.
837 315 949 376 lutheri

262 486 413 554 factiones
430 489 615 571 intelligere,
636 489 696 550 nisi
713 491 831 571 optima
843 507 938 570 opera
951 487 1167 567 meritoriasqne

262 589 392 716 w,
413 578 445 632 et
464 572 534 653 ipsa
554 572 652 634 aDeo
674 571 861 653 praecepta?
882 570 963 648 Quid
980 589 1054 651 ergo
1068 573 1168 651 magni-

385 656 617 735 praesumimus,
639 655 724 734 quod
745 657 777 718 in
800 673 834 716 se
855 655 930 716 nihil
951 660 1014 732 est,
1036 653 1093 713 nisi
1112 671 1168 733 per·

262 739 368 800 missio
388 737 558 816 deterioris,
581 757 622 799 ne
640 745 786 818 peccetur
806 736 845 800 ab
867 737 1021 798 infirmis.-

345 819 395 882 Ad
430 819 697 902 quadragesimam
731 827 869 902 quartam
903 839 1003 882 novus
1034 819 1169 897 interpres

263 905 432 984 scripturae
453 901 540 982 dicis,
561 906 689 984 pauperi
710 923 804 987 posse
825 904 932 984 negari
954 902 1169 980 eleemosynam

263 988 330 1048 sine
351 993 480 1067 peccato
502 987 641 1066 mortali,
672 987 746 1048 licet
760 990 831 1048 non
852 987 918 1046 siue
946 984 1068 1046 veniali.
1106 981 1169 1043 Ideo

263 1069 496 1132 conclusionem
532 1088 632 1132 meam
662 1069 770 1130 falsam
793 1075 851 1130 etc.
895 1068 1017 1130 Gratias
1048 1065 1101 1127 tibi
1118 1067 1172 1146 agit

249 1160 298 1214 ‘ut
318 1153 436 1233 optimo
464 1159 598 1232 patrono
626 1154 756 1234 insignis
788 1151 841 1212 illa
872 1151 964 1212 belua
985 1149 1171 1230 Philargyria,

264 1235 337 1314 quia
368 1233 459 1295 discit
487 1253 522 1295 se
543 1253 637 1314 posse
660 1253 774 1316 negare
800 1236 922 1316 ¹petenti
954 1235 1171 1314 eleemosynam

264 1317 331 1378 sine
352 1317 473 1379 mortali
490 1323 629 1398 peccato.
662 1317 743 1378 Proh
765 1317 855 1379 dolor
876 1324 907 1378 et
926 1316 1041 1378 horror
1061 1315 1172 1376 horren

265 1399 332 1478 dus,
355 1397 429 1479 quid
445 1399 585 1462 audimus
598 1401 629 1460 in
642 1399 795 1462 ecclesia?
818 1399 879 1461 Cur
895 1419 969 1480 ergo
979 1399 1170 1472 iohannem)

263 1481 347 1561 dicit,
369 1485 528 1544 caritatem
550 1500 614 1544 non
636 1502 761 1544 manere
782 1483 814 1544 in
835 1501 890 1560 eo,
921 1484 973 1563 qui
997 1478 1113 1542 claudit
1137 1483 1172 1540 vi-

263 1582 351 1626 scera
372 1584 428 1626 sua
448 1584 468 1628 a
489 1567 631 1646 proximo
659 1585 724 1628 suo.
774 1566 824 1626 An
854 1567 965 1627 caritas
988 1567 1082 1626 etiam
1103 1582 1173 1624 rese-

227 1699 233 1710 ,
264 1647 341 1710 dens
372 1667 436 1710 non
466 1648 612 1728 relinquit
640 1655 801 1729 peccatum
833 1647 986 1710 mortale?
1014 1649 1079 1708 imo
1102 1645 1173 1708 chri-

265 1737 330 1792 stus
343 1730 400 1808 ⁶0)
424 1732 455 1792 iu
478 1731 605 1808 iudicio,
629 1751 683 1792 cur
704 1731 862 1793 damnabit
883 1751 955 1810 eos,
977 1732 1030 1811 qui
1053 1730 1173 1791 esurien-

263 1821 328 1874 tem
350 1832 413 1875 non
445 1815 645 1875 cibaverunt?
682 1821 740 1876 eto.
788 1813 848 1875 Sed
881 1815 959 1876 forte
986 1803 1023 1874 in
1053 1830 1174 1894 persona

264 1897 540 1977 impropriistarum
574 1899 634 1958 ista
667 1897 780 1960 dixisti.
838 1897 894 1958 Est
927 1897 1039 1976 aliquis
1076 1913 1172 1956 sensus

264 1997 371 2058 verus,
404 1998 495 2060 quem
527 1999 567 2040 ex
589 1980 674 2042 lndia
694 1981 773 2041 forte
795 1979 929 2041 adduces
951 1987 1079 2060 postea,
1112 1977 1173 2037 ideo

262 2062 384 2123 interim
414 2062 613 2144 exspectabo.
667 2062 757 2138 Quod
790 2064 815 2124 si
843 2062 972 2142 dixeris,
1006 2067 1084 2125 tunc
1116 2075 1173 2120 cuns

264 2145 379 2208 veniali
400 2154 529 2228 peccato
556 2147 679 2228 negari,
716 2145 839 2227 quando
867 2166 984 2227 pauper
1011 2165 1076 2207 non
1105 2152 1174 2225 eget,

263 2235 317 2291 aut
337 2228 414 2291 alias
435 2230 516 2291 iusta
536 2236 584 2291 est
603 2249 712 2309 causa,
734 2230 885 2308 breviter,
913 2232 938 2290 si
965 2236 1013 2291 est
1033 2230 1116 2289 iusta
1133 2246 1175 2287 ns·

263 2312 359 2394 gandi
381 2330 489 2393 causa,
522 2313 590 2373 sine
610 2320 740 2394 peccato
762 2318 907 2394 negatur,
937 2314 982 2374 sin
1015 2320 1065 2373 est
1093 2310 1176 2387 nulla,

262 2401 426 2476 peccatum
458 2395 589 2457 mortale
619 2399 668 2457 est
700 2414 840 2477 negasse.
896 2394 947 2459 Sic
971 2393 1177 2477 Evangelium,

264 2479 309 2539 sic
330 2478 473 2559 Apostoli
494 2478 669 2557 loquuntur.
772 2501 774 2508 ¹
971 2496 981 2509 ·

348 2560 507 2640 Secundo,
529 2580 583 2623 cur
604 2580 667 2623 non
689 2562 771 2641 pari,
793 2562 855 2621 imo
879 2562 987 2623 maiori
1008 2559 1112 2622 studio
1135 2578 1178 2619 ex·

265 2645 377 2725 quiris,
413 2644 570 2724 quomodo
602 2645 696 2706 liceat
722 2644 829 2727 venias
854 2663 918 2705 non
945 2644 1113 2722 redimere,
1146 2640 1179 2701 ad

264 2726 395 2789 salutem
416 2727 540 2788 inutiles
570 2733 602 2787 et
621 2747 686 2789 non
716 2728 921 2808 necessarias,
951 2729 1002 2807 qui
1024 2734 1090 2788 tam
1109 2724 1179 2806 peri·

264 2810 372 2873 culose
393 2817 425 2872 et
445 2817 535 2873 acute
552 2812 696 2891 exquiris,
719 2809 875 2890 quomodo
888 2810 971 2871 bona
988 2829 1086 2891 opera
1097 2808 1181 2869 liceat

265 2893 417 2974 omittere,
439 2893 508 2955 sola
528 2895 704 2955 necessaria
725 2898 755 2954 et
770 2892 856 2954 utilia
877 2892 916 2953 ad
938 2894 1080 2970 salutem,
1103 2891 1178 2951 deni-

265 2995 326 3056 que
349 2983 515 3057 praecepta
536 2975 575 3038 ab
596 2975 776 3057 ipserso?
797 2976 846 3037 An
870 2975 1051 3056 obsequium
1065 2976 1133 3035 Deo
1154 2979 1180 3033 te

265 3058 420 3121 arbitraris
442 3066 611 3140 proestare,
633 3060 660 3119 si
682 3057 876 3121 calumnieris
898 3066 1065 3140 praecepta
1077 3058 1135 3118 Dei
1154 3062 1180 3114 st

256 3141 350 3205 'bona
371 3160 482 3222 opera,
510 3148 628 3203 tantum
649 3148 684 3203 ut
703 3143 826 3222 venias,
859 3158 918 3203 neo
939 3162 958 3203 a
978 3143 1046 3204 Deo
1069 3158 1127 3202 nes
1146 3136 1179 3199 ab

265 3225 391 3287 homine
412 3232 603 3305 praeceptas,
625 3224 734 3286 efferas
747 3224 943 3303 immodice?
971 3225 1067 3306 Finge
1087 3222 1180 3284 nullas

265 3327 335 3369 esse
360 3308 468 3369 venias
494 3308 526 3367 in
556 3308 703 3387 ecclesia,
732 3307 786 3369 sed
815 3326 923 3369 omnes
955 3328 1011 3388 per
1039 3327 1073 3368 se
1101 3306 1179 3366 satis·

264 3391 383 3470 iacere,
412 3392 492 3451 sicut
512 3389 587 3451 olim
621 3389 724 3453 fiebat.
774 3390 883 3471 Rogo,
911 3398 980 3451 utra
1006 3390 1100 3451 facies
1133 3386 1181 3449 tibi

265 3472 422 3552 placeret?
443 3474 601 3534 veniarum
623 3493 663 3533 an
681 3474 945 3535 satisfactionum?
967 3474 1027 3535 Vel
1053 3492 1126 3555 ergo
1153 3478 1180 3530 tu

266 3571 330 3615 non
350 3563 434 3617 recte
454 3548 607 3635 intelligis
626 3555 849 3637 indulgentias,
877 3558 929 3618 vel
957 3557 1039 3619 mala
1066 3554 1179 3618 simula

266 3636 353 3695 tione
368 3638 490 3697 moliris
512 3638 696 3699 calumniam
716 3640 805 3701 bonis
828 3640 982 3721 operibus.

341 3810 370 3881 ⁶)
391 3814 416 3868 1,
434 3814 534 3870 ichen.
555 3818 581 3874 3.
620 3819 668 3885 *⁸)
689 3819 784 3874 Matth.
802 3818 844 3876 25.
