2600 4300
355 327 830 388 acrama-unauna
1005 325 1057 410 ¹ae
1115 317 1120 326 ·

138 498 303 562 nah‘aantia
323 498 478 562 Chriawn
498 519 538 562 oa
558 499 737 578 rational),
773 519 834 582 que
866 500 971 581 homo,
992 519 1055 564 non

138 580 275 644 hahuicae
294 581 343 644 ina
365 583 518 661 terrauiv)
543 583 741 664 principatus.

210 663 254 724 Et
286 666 318 728 3.
336 684 402 746 per
430 665 636 748 angustinum
665 671 697 728 et
723 667 890 747 acripturaa
909 667 1058 749 probatur

138 748 237 807 iterum
259 745 411 831 intnraw)
435 748 585 829 evangeiii
607 747 744 810 aecuuda
764 749 965 830 praedicatio,
987 770 1056 812 curn

138 829 236 890 naiori
282 831 488 911 opulorum)
510 832 725 908 conversione,
739 850 831 911 qnam
844 833 1057 913 apostolorum

138 849 332 994 tenporihna,
353 933 423 976 curn
444 914 476 974 in
498 933 621 976 omnem
640 922 751 976 terram
774 915 870 976 exivit
890 934 985 978 ronna
1006 935 1057 980 eo·

137 1015 213 1072 run,
241 994 341 1074 adeo,
369 1003 404 1057 nt
425 1015 465 1058 ne
493 997 560 1058 iuro
587 996 697 1076 modo,
730 1015 835 1060 rerum
858 999 952 1060 eham
974 999 1056 1060 facto

138 1080 198 1158 ipao
213 1077 361 1141 Pontifex
378 1079 531 1142 Maximae
538 1077 576 1163 r)
598 1099 699 1141 rerum
723 1099 874 1144 summam
896 1081 935 1141 ait
955 1081 1058 1144 mode·
1082 1066 1090 1094 '
1127 1081 1138 1102 '

211 1241 255 1304 Et
274 1245 306 1307 4.
329 1243 469 1320 Quamz)
492 1243 731 1306 iurisdietionem
753 1244 839 1326 Papa
866 1245 897 1308 in
918 1245 1058 1310 ifrfldalea

138 1344 278 1470 prcrocre
299 1328 409 1407 poaait,
429 1329 496 1388 airc
515 1335 635 1410 geum,
656 1327 879 1407 rivetudaeoa,
894 1328 944 1389 vel
965 1330 1057 1394 etiarn

156 1409 316 1471 aereticoa.

213 1491 334 1573 Gap.³)
358 1495 386 1557 6.
408 1491 499 1568 Quod
509 1493 540 1554 in
552 1492 764 1556 coelcaiaetioa
775 1491 948 1554 hierarchia
960 1511 1058 1556 roma·

139 1594 190 1636 uua
207 1574 335 1637 Praeam
358 1577 397 1636 cit
417 1575 579 1638 hierarcha
588 1578 622 1653 ²)
647 1594 785 1636 eunomus
807 1582 967 1656 perpetuo,
988 1595 1059 1638 con·

139 1666 180 1719 tra
200 1657 411 1719 normanum
433 1666 639 1736 astruentem,
667 1655 750 1738 quod
777 1675 907 1720 romana
928 1658 1060 1722 ecclesia

139 1760 195 1802 ron
217 1759 342 1821 semper
361 1740 452 1802 tuerit
472 1748 567 1823 caput
587 1740 699 1802 abhinc
715 1741 746 1802 in
767 1745 869 1820 antee,
891 1742 942 1821 qui
966 1743 1058 1804 etiam

139 1823 254 1884 ridetur
273 1841 396 1903 annua,
417 1824 501 1903 quod
513 1827 550 1900 b)
569 1823 741 1886 doctrinam
764 1823 830 1884 eine
850 1824 881 1884 in
902 1831 1081 1905 poetarum·

140 1907 234 1986 pooait
254 1914 402 1967 evertere.

216 1987 259 2050 Et
277 1987 320 2050 ihi
343 1992 371 2052 1.
391 2007 433 2050 ex
452 1987 584 2050 Daniele
604 1994 636 2048 ct
648 1987 725 2050 aiiaa
739 1987 825 2048 multi
848 1987 946 2050 liciter
962 1996 1062 2051 orton-

143 2069 276 2156 ditur⁶)‚
304 2071 387 2153 qnod
419 2090 548 2154 rognum
579 2069 691 2134 Christi
713 2007 881 2133 nutlohne
904 2069 1063 2152 clauditur,

142 2156 195 2216 uici
215 2174 273 2235 per
293 2156 454 2224 maium
475 2169 495 2215 a
515 2162 598 2217 terra
617 2153 658 2215 ad
673 2154 805 2233 coetum,
826 2155 857 2215 in
876 2155 937 2216 tine
949 2155 1063 2219 mundi.

217 2236 259 2299 Et
285 2237 329 2299 ihi
356 2239 387 2301 2.
414 2236 499 2318 quod
526 2239 585 2299 iata
606 2238 795 2318 perpetuitas
816 2238 994 2318 portitores
1015 2256 1062 2299 aa·
1151 2282 1155 2287 -

145 2340 207 2381 uae
238 2321 351 2383 reteria
385 2320 573 2382 Testamenti
595 2320 754 2397 astruitur,
785 2321 857 2381 item
886 2320 978 2383 ctiam
1007 2340 1064 2401 per

146 2423 202 2481 eac,
224 2422 306 2483 qnae
327 2410 398 2463 aunt
419 2404 502 2483 novi,
523 2410 555 2463 et
575 2404 603 2466 3.
626 2422 682 2483 per
704 2408 828 2465 canotoe
850 2402 1012 2465 Doctores.

220 2486 298 2567 Cap.
320 2490 350 2550 7.
373 2484 465 2563 Quod
487 2486 518 2547 in
543 2484 754 2546 eccleciaaticc
774 2482 944 2547 hierarchia
965 2504 1064 2547 roma·

148 2588 197 2629 unc
216 2566 343 2629 Praeani
366 2569 406 2629 ait
432 2563 646 2651 hierarcha‚d)
670 2573 759 2631 autor
787 2568 886 2629 omnic
903 2567 1064 2631 hierarchi-

149 2670 197 2713 cac
209 2650 427 2713 iurisdictiouia
440 2657 546 2713 contra
560 2648 779 2726 adversarium,
801 2651 852 2729 qui
874 2656 959 2712 tonet
979 2651 1069 2719 iuria·¹

150 2732 304 2795 dictionem
327 2732 432 2814 Papae
453 2732 674 2811 univeraliter,
696 2739 728 2795 et
748 2732 926 2795 diocoeaani
947 2735 977 2795 in
1001 2732 1065 2795 dio·

151 2818 224 2877 coeci
245 2835 317 2877 aare
337 2835 429 2897 parea
450 2814 481 2876 in
504 2816 612 2877 ordine
633 2814 714 2896 ade)
734 2815 955 2896 purgatorium.

162 2996 197 3001 ...-
207 2994 265 3001 -ο

198 3102 227 3157 v)
246 3096 319 3181 Quia
338 3094 463 3181 Ohriatua
480 3097 524 3149 ina
541 3096 650 3164 imperti
672 3096 773 3148 terrani
793 3094 845 3149 nihi
868 3094 921 3164 ipai
945 3094 1068 3164 negavit,

153 3166 898 3305 :tttftzttrtttrt”trstrtttitt‘
917 3165 1066 3303 iiiiii

155 3310 314 3378 wantum,
341 3308 487 3363 deturbato
505 3308 615 3362 Chriato
639 3314 668 3361 et
690 3307 759 3361 Deo.
803 3306 834 3375 a)
858 3306 945 3375 Nota,
976 3306 1067 3375 Papae

153 3380 208 3435 iicet
234 3396 297 3435 caan
321 3378 490 3434 homicidam
518 3381 643 3435 omnium
674 3380 904 3433 cruentissimum.
948 3376 979 3445 a)
1008 3376 1066 3433 iiiut

155 3450 210 3505 dum
222 3453 349 3506 moritur.
377 3452 408 3512 ht
419 3450 581 3505 Doctrinam
593 3452 631 3504 Pa
650 3466 685 3505 ae
702 3465 758 3505 non
777 3454 888 3519 oportet
905 3450 1000 3513 everti,
1018 3446 1067 3503 aed

140 3525 205 3589 ‘ipra
228 3523 311 3577 dohet
329 3524 425 3576 omnia
442 3529 575 3577 evertere.
612 3467 649 3589 ch
664 3522 724 3575 Hoc
748 3538 859 3586 verum,
885 3516 933 3573 ced
951 3536 1008 3575 non
1027 3520 1068 3573 aic

156 3610 261 3665 mgnum
280 3595 381 3663 Papae.
420 3592 453 3657 d)
474 3592 506 3679 td
523 3599 582 3659 eat,
600 3600 716 3647 venator
735 3595 867 3647 robustus
882 3592 957 3677 'aient
975 3590 1068 3645 rimb-

156 3664 281 3801 ”hh
295 3664 1067 3807 htttftttrtttfit‘ctattheum..

158 3807 182 3871 3)
198 3806 227 3861 lu
245 3806 288 3863 cd.
306 3811 392 3878 princ.
410 3807 456 3861 hic
473 3813 502 3861 at
515 3807 630 3877 reliquia
647 3806 730 3861 loeta:
751 3804 918 3875 capitutum.
