2600 4300
394 296 431 352 as
448 299 550 351 virtus
565 296 812 368 mmmmm.
1004 294 1100 360 213,

152 472 181 527 et
200 469 338 525 mortuus
359 465 454 527 vellet
473 466 570 547 ligere
591 474 624 528 et
643 466 783 545 solvere,
811 475 843 527 et
861 466 934 527 ideo
962 484 1067 527 neces·

150 548 257 609 sarium
283 548 315 607 ei
333 548 442 626 licerit,
470 560 534 609 tam
554 550 707 631 insignem
737 558 924 611 mortuorum
946 547 1067 629 pontill-

149 648 213 691 cum
234 628 435 693 ambitionem
457 638 489 692 ct
521 632 713 711 tyrannidem
737 633 917 711 praevenire
938 651 976 691 ec
997 650 1067 711 pro-

148 712 264 790 hibere,
292 731 334 773 ne
355 714 453 795 ligent
479 722 534 775 ant
554 714 693 794 solvant,
728 716 786 775 uisi
809 715 879 775 dnm
901 714 1013 775 fuerint
1034 714 1066 773 in

147 796 205 854 vita
234 801 270 854 et
300 813 395 876 super
417 803 540 858 terram.
582 796 623 857 Et
656 798 737 858 forte
780 800 833 875 (nt
866 804 928 857 tam
955 794 1066 877 diguo's

146 878 313 956 scripturae
338 880 521 959 interpretes
551 879 644 960 digne
670 878 830 943 laudemus
856 879 884 961 ¹)
920 897 978 941 nec
999 881 1066 939 siue

146 978 236 1019 musa
262 960 311 1019 sic
331 963 432 1021 timuit
459 961 615 1041 Christis,
653 982 693 1025 ne
727 962 872 1024 videlicet
898 961 1065 1041 aliquando

145 1042 355 1123 contingeret,
376 1050 410 1104 ul
431 1050 567 1105 mortuus
589 1044 730 1124 pontifex
751 1044 865 1125 eliquid
887 1045 1012 1125 ligaret,
1035 1050 1067 1109 et

144 1143 211 1185 suus
246 1144 414 1188 successor
441 1127 528 1187 virm
556 1126 639 1189 idem
675 1128 818 1192 solveret
865 1127 943 1187 Tum
979 1126 1067 1187 fieret

145 1226 272 1289 mugnus
296 1227 385 1271 error
404 1210 436 1269 iu
458 1210 566 1287 coelo,
598 1218 630 1271 et
650 1210 789 1271 Christus
811 1211 921 1271 auxius
944 1211 1065 1289 ignore

143 1298 199 1370 ret,
226 1291 319 1351 cuius
341 1291 464 1353 illorum
492 1292 680 1372 approbaret
708 1292 860 1371 officium,
895 1294 1000 1371 utqui
1023 1300 1065 1352 te-

143 1392 221 1435 mere
233 1375 431 1452 permisisset
441 1376 577 1455 utr'isque
590 1374 673 1436 idem
693 1376 838 1453 cilicium,
860 1392 919 1435 nee
940 1374 1065 1435 addide-

142 1457 197 1533 rit,
225 1475 324 1536 super
352 1464 478 1534 terram,
507 1465 541 1518 ut
569 1466 707 1519 mortuus
732 1465 989 1538 compesceretur.
1032 1456 1064 1517 Si

143 1540 220 1599 enim
246 1540 296 1599 ite
321 1558 387 1601 non
414 1542 553 1620 sapiunt,
590 1541 663 1620 quid
699 1539 870 1605 aestuent?
913 1539 993 1615 Quid
1022 1540 1064 1601 le-

142 1620 252 1682 borant
273 1621 457 1700 ostendere,
470 1623 563 1703 ‘qnod
584 1632 809 1704 superterram
831 1622 871 1684 ed
893 1623 1065 1684 solventem

142 1704 296 1783 pertinet?
339 1704 423 1767 Ecce
451 1724 471 1766 o
501 1724 575 1766 vere
604 1726 731 1767 aureum
771 1706 951 1787 opusculum
980 1706 1065 1766 aurei

143 1786 277 1848 doctoris
295 1788 334 1865 ⁸)
357 1794 389 1849 et
409 1790 510 1849 aureis
531 1789 629 1850 literis
650 1789 871 1870 dignissimum,
895 1795 936 1863 et,
960 1808 999 1849 ne
1021 1789 1064 1847 ni·

143 1870 183 1928 hil
204 1888 270 1930 non
294 1872 336 1931 sit
355 1889 497 1949 eureum,
518 1873 618 1933 eureis
638 1872 795 1951 discipulis
818 1870 1009 1949 tradendum,
1030 1870 1064 1931 il·

109 1991 110 1994 =
143 1953 178 2011 lis
198 1951 358 2031 videlicet
379 1952 551 2031 dequibus
572 1954 683 2015 dicitur
705 1954 779 2036 **);
802 1954 971 2015 Simulacre
993 1972 1066 2033 gen·

145 2036 214 2095 tium
236 2054 347 2095 eurum
380 2042 413 2096 et
428 2043 607 2116 argentum,
638 2037 748 2097 oculos
776 2036 922 2103 habentis
951 2043 982 2096 et
1001 2052 1066 2096 non

145 2117 282 2178 videntia
303 2124 364 2180 ete.

221 2201 326 2262 Recta
345 2202 398 2262 vie
419 2202 470 2262 isti
491 2202 639 2262 incedent
659 2209 773 2263 contre
794 2201 963 2278 Christum,
984 2201 1066 2262 Chri-

145 2291 206 2344 stus
227 2284 312 2344 enim
335 2283 407 2344 ideo
429 2283 563 2361 addidit,
586 2283 685 2365 Super
706 2291 832 2361 terrem,
855 2303 895 2344 ne
916 2283 1087 2364 pontifex,·

146 2367 194 2444 qui
214 2383 280 2427 non
302 2372 408 2446 potest
419 2367 479 2426 nisi
498 2386 590 2446 super
610 2373 721 2428 terram
738 2386 818 2444 esse,
839 2372 1016 2446 praesumet
1036 2365 1068 2426 id

147 2449 239 2529 ligere
261 2456 319 2510 aut
339 2448 476 2526 solvere,
498 2438 582 2528 duod
603 2467 667 2509 nou
690 2451 729 2510 sit
748 2469 840 2530 super
862 2455 996 2524 terram,
1017 2468 1067 2509 ve·

148 2531 189 2591 lut
209 2531 286 2592 data
307 2550 405 2611 opera
423 2534 521 2592 nostri
548 2533 695 2612 temporis
722 2531 898 2593 adulatores
929 2529 1067 2592 foedissi-

149 2633 211 2674 mos
234 2616 440 2694 praeveniens
462 2622 496 2675 et
516 2613 697 2694 prohibens,
726 2616 777 2693 qui
798 2613 895 2676 invito
930 2620 961 2674 et
974 2627 1066 2674 'recu-

149 2699 224 2757 santi
247 2696 389 2777 pontiflci
421 2716 550 2778 regnum
578 2697 700 2760 tradere
720 2698 870 2777 incipiunt
890 2696 1066 2759 inferorum.

148 2779 210 2840 llos
222 2779 254 2841 S.
278 2780 485 2860 Hieronymus
506 2798 563 2859 pro
584 2798 641 2840 suo
661 2780 782 2840 fervore
800 2779 929 2840 dixisset
950 2779 1067 2840 theolo-

149 2881 212 2941 gos,
234 2862 267 2922 id
291 2869 348 2940 est,
369 2861 468 2922 Deum
490 2862 664 2941 loquentes,
685 2882 756 2922 eum
777 2869 879 2922 nutem
902 2868 992 2943 puta,
1016 2862 1067 2941 qui

150 2946 226 3026 apud
250 2945 412 3026 Virgilium
444 2963 590 3025 magm
611 2945 732 3006 vatibus
763 2945 891 3025 inspiret
924 2945 1067 3006 furorem.

151 3027 208 3089 ded
231 3036 335 3088 tomen
357 3046 486 3108 mamm
508 3035 617 3088 contm
638 3047 704 3090 eos.

228 3111 348 3188 Primo,
387 3111 414 3168 si
441 3129 496 3190 per
523 3109 606 3170 hanc
625 3111 868 3191 intelligentiam·
882 3110 986 3171 claves
1008 3109 1067 3170 sol·

152 3202 222 3255 sunt
250 3201 411 3270 mortuos,
448 3211 524 3273 ergo
551 3199 584 3254 et
609 3194 721 3275 ligant,
750 3195 822 3273 quie
850 3195 991 3272 utrinque
1018 3189 1069 3251 sd·

152 3276 244 3354 ditur,
266 3275 367 3356 Super
388 3283 514 3352 terram,
536 3275 655 3337 diceus:
690 3273 903 3355 Quodcunque
925 3275 1068 3355 ligaveris

153 3379 240 3440 super
260 3367 382 3420 terram.
403 3358 489 3439 Ergo
510 3359 612 3420 ethic
642 3367 767 3440 oportet
788 3358 895 3420 eedem
917 3356 1067 3416 industria

155 3450 184 3503 et
202 3443 342 3503 acumine
362 3441 453 3504 nobis
475 3440 639 3523 distingui,
661 3461 753 3523 super
775 3450 886 3503 terrem
909 3439 1070 3520 dupliciter

205 3717 233 3777 ll
251 3716 281 3769 ln
301 3715 345 3770 ed.
363 3715 467 3783 princ:
485 3712 624 3766 ludamus.

207 3787 236 3857 ⁴)
255 3789 287 3842 lu
304 3787 498 3856 inquisitorem
516 3783 610 3840 Tetael
627 3781 804 3836 monachum.
848 3782 896 3851 ·*)
917 3782 988 3836 Pssl.
1008 3781 1070 3838 1³6.
