2600 4300
315 314 412 370 aas·
429 314 492 368 ιω.
508 311 630 369 tunm.
649 309 724 370 nem
741 309 831 370 saure.
1006 309 1073 378 487
1138 293 1143 313 ’
1198 301 1202 310 ’

146 493 228 561 rem,
257 497 328 544 sum
360 488 394 544 st
413 484 481 564 ipse
507 499 704 564 superorare
726 484 787 546 hoo
808 483 961 562 ambulet,
989 488 1076 566 poto-

146 570 229 626 stnte
249 564 438 646 dominante,
459 567 505 627 sio
524 566 609 628 Eooii
629 569 796 646 temeritas,
819 579 899 647 quse
920 567 959 628 sd
983 570 1074 649 soip-

146 653 232 708 tmas
254 648 427 728 perdendas
448 657 523 710 nata
543 650 685 728 videtur,
706 650 811 731 audet.

232 730 329 793 Sexte
340 732 452 812 probat
473 749 513 794 ex
526 735 698 795 summissis
716 733 978 809 ouibus,dohanu.
1000 734 1074 812 niu,

147 813 200 875 ubi
231 817 566 896 pspsmooostitutum
590 816 663 878 dioit
684 837 703 878 a
723 817 879 893 Domine,
908 816 1074 878 seeundum

147 897 405 977 chrysostomum
427 899 662 980 etGregorinm,
683 900 745 962 hon
767 907 823 978 ιιι,
847 900 1013 962 seeundum
1034 899 1075 962 ls-

148 997 252 1042 mures
274 988 306 1042 st
330 983 451 1044 somnia
472 982 578 1062 iterii,
607 999 676 1044 oum
699 1003 758 1044 neo
779 995 893 1044 nomen
914 995 1014 1064 pupae
1043 985 1075 1044 in

148 1059 376 1144 chrysostomo
398 1065 587 1146 etGregorio
609 1067 701 1126 taoile
721 1065 871 1142 invenias,
893 1065 948 1127 sed
970 1062 1072 1128 vidos-

148 1163 229 1222 mos,
250 1146 330 1208 haee
343 1148 424 1208 anim
446 1149 554 1208 ultima
576 1155 623 1209 est
643 1145 728 1209 Eoeii
750 1150 897 1210 autoritas
918 1165 958 1209 ex
980 1151 1075 1218 saeris

147 1228 247 1290 literis
267 1230 397 1309 perdita
409 1228 578 1314 (producta
598 1232 682 1292 volui
705 1229 835 1374 diuersa.
866 1251 871 1260 ·

232 1312 381 1374 Estonim
402 1314 567 1376 dialectiea
586 1315 652 1375 eius
674 1313 761 1392 haee,
784 1314 808 1376 C
830 1316 921 1376 sistus
936 1313 1014 1376 dixit
1036 1314 1075 1376 ad

147 1396 288 1456 Petrum:
310 1396 408 1457 Pasoe
429 1416 506 1458 oves
527 1416 623 1475 meas,
646 1417 721 1478 ergo
735 1399 841 1458 Petrus
864 1403 911 1458 est
932 1399 1075 1479 princeps

147 1477 363 1559 apostolorum
390 1485 424 1540 et
442 1481 574 1541 visurine
596 1480 718 1542 Christi.
734 1481 833 1542 =Haeo
859 1479 940 1540 enim
969 1480 1074 1562 enthy-

148 1568 291 1625 memata
321 1561 404 1642 apud
425 1561 551 1624 lisoium
578 1564 630 1624 vei
664 1561 979 1624 demonstrationibus
1005 1569 1077 1623 sunt

148 1645 283 1724 potiora.
306 1643 486 1707 Silvestrnm
509 1645 850 1708 etSilvestn'nosrudes
866 1659 976 1725 passus
998 1659 1075 1724 oum,

148 1726 206 1870 ded
231 1726 368 1790 eruditos
388 1747 444 1790 eos
465 1728 565 1790 reddit
583 1729 696 1791 Eooius
718 1730 978 1792 oxoellsnu'ssima
997 1727 1075 1790 rudi·

169 1817 223 1870 ate
243 1827 309 1871 sua.

233 1891 312 1954 Diuo
333 1912 430 1974 ergo,
463 1911 593 1974 passere
614 1911 711 1973 oves,
733 1892 887 1975 signifieat
907 1887 1073 1973 aliquando

147 1975 181 2036 id
203 1974 288 2056 quod
310 1975 484 2055 dominari,
501 1992 666 2058 praeesse,
687 1995 797 2058 rogere
818 1995 925 2038 ssoure
946 1977 977 2036 in
1000 1977 1075 2055 otio,

149 2064 184 2120 et
204 2073 281 2120 oues
300 2059 378 2120 nihil
398 2077 514 2138 durare,
536 2067 569 2122 et
589 2061 636 2120 sio
649 2059 760 2120 Ennius
782 2061 999 2141 grammaticae
1020 2072 1074 2122 no-

149 2156 209 2203 vus
233 2142 382 2225 magister
401 2144 521 2224 auoipit
555 2143 602 2205 ltu
622 2143 724 2205 nullus
746 2152 811 2223 est,
833 2143 967 2223 quinon
990 2150 1076 2225 optet

148 2244 279 2306 pasoere
309 2245 417 2287 omnes
444 2244 521 2287 ovea
543 2227 669 2304 Christi,
698 2228 778 2287 siout
798 2227 936 2287 videmus
962 2224 995 2287 in
1015 2226 1075 2289 Ro·

149 2326 243 2370 mana
264 2307 357 2370 Curis
389 2308 429 2371 nd
450 2309 512 2371 hoo
531 2311 615 2371 miris
636 2308 751 2371 artibus
773 2308 928 2371 contendi.

232 2390 426 2471 Aliquando,
447 2392 510 2453 imo
534 2394 674 2473 saepius,
697 2392 850 2473 signifieat
870 2392 995 2453 verbum
1017 2391 1075 2453 Dei

149 2474 283 2555 donem,
305 2493 394 2536 oraro
414 2494 472 2555 pro
495 2476 626 2554 ovibus,
647 2476 794 2555 exempto
815 2472 898 2536 bono
920 2490 1075 2555 praeesse,

150 2559 246 2619 edam
275 2559 411 2619 animam
441 2576 529 2619 susm
557 2576 675 2639 ponere
698 2576 753 2638 pro
776 2560 841 2636 eis,
861 2564 1020 2637 totumque
1041 2572 1076 2617 se

150 2640 342 2721 impendere,
362 2646 490 2701 utores
511 2641 747 2705 benehsbeant.
769 2634 838 2703 Huo
859 2640 952 2702 modo
974 2639 1075 2701 nuilus

150 2730 200 2785 est
219 2722 329 2802 hodie,
356 2724 408 2803 qui
428 2742 492 2785 non
513 2725 544 2785 in
567 2724 728 2805 plurimam
759 2730 879 2805 partem
900 2722 1077 2785 sollieitudi-

150 2808 207 2878 ιιι,
227 2807 292 2868 imo
315 2812 412 2869 totam
427 2806 664 2869 sollieitudinem
687 2806 761 2868 velit
780 2807 884 2868 voosri
907 2822 998 2887 quam
1011 2805 1075 2887 plu·

123 2888 264 2967 ‘rimos,
294 2895 331 2951 et
354 2896 453 2951 totum
474 2891 638 2971 primatum
664 2891 726 2951 hoo
752 2890 846 2951 modo
878 2882 1009 2951 libenter
1030 2907 1077 2951 oe·

152 2972 237 3035 dare.
258 2971 318 3033 Pro
339 2972 402 3035 hos
422 2974 556 3053 primatu
578 2988 671 3035 nemo
692 2979 799 3047 uertat,
821 2986 913 3035 nemo
936 2970 975 3032 ad
996 2972 1077 3033 huno

153 3056 280 3136 aspirat,
301 3071 394 3135 quem
416 3056 678 3118 omnsslibsnter
698 3055 885 3117 admittimus
908 3056 1078 3135 ouiounque

151 3144 185 3200 et
203 3154 269 3219 non
289 3139 481 3217 invenimus,
513 3140 566 3219 qui
587 3138 805 3201 admissionem
827 3145 963 3199 nostram
985 3143 1077 3199 nutet.

150 3218 214 3297 Qui
234 3228 345 3283 eontra
363 3222 446 3283 huno
466 3222 632 3302 souuerse,
659 3222 739 3283 bens
761 3228 843 3283 tutus
864 3228 947 3283 esset
967 3240 986 3281 a
1008 3234 1077 3283 osn-

151 3305 232 3365 smis
252 3322 292 3365 ao
311 3303 475 3367 homioidis
495 3306 563 3366 istis
582 3306 731 3367 Romanis
762 3302 984 3381 adulatoribus,
1014 3304 1076 3365 imo
1138 3317 1142 3333 ¹

152 3397 213 3449 net
235 3393 352 3447 tantum
374 3404 558 3468 possumus,
592 3395 625 3449 ut
650 3388 740 3449 huius
767 3388 916 3468 primatus
938 3388 1077 3449 sommis

152 3471 276 3532 sionem
294 3470 346 3531 rel
367 3487 460 3551 super
485 3479 548 3531 tres
581 3472 699 3546 animas
717 3470 885 3551 'dignentur
904 3476 1076 3549 aooeptars.

154 3552 217 3614 Our
246 3566 323 3634 ergo
350 3570 409 3615 nos
433 3554 678 3635 persequuntur?
704 3552 876 3615 deserimus
907 3553 1078 3633 primatum,

154 3642 299 3717 opmmus
330 3637 540 3717 petimusque,
572 3646 606 3698 ut
625 3637 784 3699 Romanus
805 3634 954 3711 Pontifex·
972 3641 1078 3715 poseat
1174 3648 1177 3663 ’

156 3734 268 3781 omnes
289 3737 388 3797 oves,
409 3725 527 3781 tantum
548 3719 657 3798 abest,
678 3724 711 3781 ut
731 3738 789 3781 nos
811 3717 861 3779 vel
882 3732 1014 3798 unguem
1035 3716 1077 3779 la

157 3808 225 3865 tum
245 3801 327 3864 hano
334 3800 521 3885 potestatem
544 3805 574 3889 θ’
593 3803 775 3865 imminuere
786 3801 925 3882 velimus,
940 3806 974 3861 ut
988 3801 1077 3865 amos
