2600 4300
387 343 423 396 ad
442 343 563 399 hauan
581 340 718 398 (llum
738 340 850 413 sepau.
1018 338 1079 405 135

157 516 283 589 psopter
305 518 431 574 neruos
456 519 576 573 tantum
605 519 676 573 sunt
697 512 831 589 adius,
847 517 884 571 st
903 512 949 571 sia
966 508 1079 586 editas,
1109 540 1113 546 ·

155 599 187 651 ut
219 593 298 653 aiibi
321 594 505 656 'mmeuibile
534 597 587 673 sit,
613 612 670 655 eas
688 594 736 655 ab
762 593 907 659 omnibus
938 592 1078 674 intelligi.
1120 648 1123 655 .

153 676 392 755 Disputationes
415 680 496 739 enim
515 686 605 756 aaut,
632 694 694 738 non
718 678 892 753 dontinus,
923 696 984 738 nou
1005 678 1079 759 dog*

155 767 248 837 mata,
272 760 433 821 obscurius
454 782 511 842 pro
534 781 629 839 more,
653 768 684 821 et
704 762 925 841 aenigmaticos
948 758 1078 839 positas.

152 842 283 921 Alioqui
306 844 331 903 si
355 844 534 925 praevidere
556 846 742 928 potuissem,
775 850 857 903 certe
876 834 909 901 id
931 862 987 923 pro
1011 862 1079 903 mea

152 930 239 1004 parte
262 943 434 1007 curassem,
453 936 489 989 ut
508 921 618 989 esseut
634 918 792 999 iutellectu
813 918 976 988 faciliores.

234 1009 331 1069 Nunc
352 1010 424 1089 quid
445 1010 575 1071 faciam?
603 1011 762 1071 Revooare
792 1028 853 1069 non
876 1027 1019 1089 possum,
1050 1017 1080 1069 et

132 1092 263 1163 ,rubam
287 1092 363 1153 mibi
383 1093 530 1155 iuvidiam
553 1100 593 1154 ex'
614 1112 652 1153 aa
672 1092 884 1172 invulgatieus
896 1091 986 1153 viduo
1001 1111 1078 1153 roon-

151 1174 228 1252 llari,
252 1177 369 1237 invitus
385 1178 478 1238 nenio
497 1177 528 1237 in
540 1176 706 1257 publicum,
727 1174 1079 1255 periculosissimumque

151 1276 188 1318 ac
209 1260 333 1319 varium
368 1260 526 1321 bominum
547 1259 707 1338 iudicium,
736 1259 915 1338 praesertim
946 1277 962 1321 e
1036 1259 1079 1318 in-

152 1338 277 1423 doctus,
301 1340 441 1423 stupidus
462 1334 598 1423 ingenio,
620 1361 734 1405 vacuus
758 1338 945 1419 eruditione,
989 1340 1079 1408 eindc

153 1430 263 1485 nostro
287 1424 505 1486 florentissimo
527 1423 647 1502 seculo,
670 1422 753 1505 quod
774 1444 830 1505 pro
853 1422 960 1484 suain
982 1417 1078 1501 literis

153 1515 183 1567 et
204 1509 341 1588 ingeniis
364 1508 510 1569 felicitate
536 1511 627 1569 etiam
643 1507 824 1572 Ciceronem
849 1526 960 1589 cogere
982 1506 1080 1587 possit

153 1590 192 1651 ad
217 1591 390 1673 angulum,
414 1592 490 1653 lucis
520 1601 550 1653 et
579 1591 693 1672 publici
715 1586 829 1671 alioqui
852 1609 914 1653 uon
934 1592 1077 1670 ignavum

153 1680 361 1753 sectatorem,
389 1674 444 1737 sed
468 1670 551 1760 cogit
571 1674 741 1736 necessitas
774 1692 821 1739 me
844 1692 983 1733 auserem
1006 1680 1078 1752 stra

155 1777 231 1839 pere
248 1756 335 1830 ¹inter
357 1757 469 1818 olores.
739 1820 741 1828 ,
809 1814 812 1825 ,
1068 1816 1072 1828 ,

238 1839 364 1920 ltaque,
392 1858 453 1919 quo
482 1846 512 1901 et
543 1839 631 1921 ipsos
658 1835 850 1901 adversarios
878 1838 1012 1917 mitigem
1033 1844 1077 1919 ,et
1117 1888 1122 1893 .

97 1955 98 1990 r
156 1920 312 1985 desideria
345 1924 508 1984 multorum
541 1922 699 2003 expleam,
742 1922 847 1985 emitto
886 1940 963 2007 ecca
993 1938 1078 1986 meas

156 2023 273 2086 nugas,
286 2003 507 2067 declaratorias
524 2024 662 2081 mearum
681 2001 936 2087 disputationum,
971 2005 1077 2067 emitto

156 2098 281 2164 autem,
310 2106 371 2169 quo
401 2089 495 2150 tutior
522 2090 595 2166 sim,
625 2087 681 2153 sub
703 2086 745 2147 tui
769 2088 901 2152 nominis
925 2084 1077 2168 praesidio

158 2179 189 2233 et
216 2180 289 2234 tuae
318 2174 520 2252 protectionis
542 2171 668 2249 umbra,
701 2167 877 2232 beatissime
905 2169 1010 2250 Pater,
1047 2172 1078 2245 iu

159 2256 267 2335 quibus
290 2255 466 2336 intelligent
499 2274 624 2332 omues,
652 2253 851 2336 qui'volent,
882 2272 972 2333 quam
1004 2273 1079 2334 pure

97 2380 98 2403 1
158 2339 400 2418 simpliciterque
421 2337 661 2400 ecclesiasticam
705 2341 867 2400 ateste-tem
892 2344 1079 2418 streperen-

97 2460 98 2463 =
159 2423 231 2482 tiam
254 2420 387 2482 clavium
402 2421 585 2502 quaesierim
597 2427 629 2481 ct
641 2357 799 2497 coluerim,
823 2414 972 2498 simulque
988 2438 1078 2498 quam

158 2506 259 2584 inique
282 2509 315 2564 et
335 2503 413 2569 false
435 2524 483 2567 me
505 2511 551 2566 tot
579 2503 753 2574 nominibus
779 2501 948 2564 adversarii
976 2501 1079 2568 foeda-

161 2588 267 2648 verint.
311 2584 446 2649 sienim
470 2586 539 2647 talis
562 2605 679 2666 essem,
702 2583 822 2668 qualem
845 2583 889 2646 illi
912 2603 961 2668 me
984 2583 1079 2648 videri

161 2672 301 2750 cupiunt,
323 2689 361 2729 ac
382 2689 444 2732 uon
473 2670 574 2749 potius
602 2669 706 2732 omnia
734 2661 909 2749 disputandi
936 2667 1080 2731 facultate

160 2754 283 2814 recte'a
303 2772 362 2816 ma
377 2757 506 2816 tractata
526 2753 665 2828 fuissent,
687 2769 750 2814 non
772 2751 923 2830 potuisset
943 2749 1026 2830 lieri,
1049 2757 1081 2825 ut

161 2835 310 2898 illustriss.
341 2833 486 2916 Princeps
500 2833 672 2898 Fridcricus
686 2833 844 2899 Saxoniae
863 2828 1081 2916 dux„,Electnq·

162 2919 280 2999 lmperii
293 2926 363 2996 etc,
384 2917 465 2978 hanc
486 2925 604 2998 pestem
626 2920 656 2978 iu
680 2937 735 2978 sua
751 2916 941 2998 permitteret
963 2918 1081 2978 uuiver-

163 3004 270 3083 sitate,
298 3021 366 3061 curn
399 3001 438 3063 sit
465 3002 635 3064 catholicae
664 3007 694 3062 et
720 2999 911 3084 apostolicae
943 2999 1080 3062 veritatis

164 3106 236 3146 uuus
265 3083 355 3145 facile
384 3085 627 3161 amantissimus,
662 3102 720 3146 uec
755 3081 921 3147 tolerabilis
955 3083 1079 3166 fuissem

164 3169 231 3229 viris
253 3169 352 3228 nostri
374 3162 466 3228 studii
479 3168 635 3234 acerrimis
660 3173 691 3228 et
701 3165 945 3228 studiosissimis.
967 3160 1079 3233 Verum

165 3259 261 3312 anum
295 3270 374 3332 ago,
402 3249 525 3330 quaudo
555 3247 600 3310 illi
636 3249 810 3310 suavissimi
841 3245 982 3310 homines
1019 3267 1080 3324 non

165 3341 304 3396 verentur
325 3353 445 3395 mecum
470 3340 500 3394 et
521 3333 691 3414 principem
714 3340 745 3396 et
762 3331 991 3396 universitatem
1015 3322 1080 3414 pari

98 3454 100 3461 ,
167 3417 332 3499 ignominia
354 3415 507 3477 conficere
529 3415 640 3496 palam.

190 3531 203 3566 ι
245 3499 357 3579 Quare,
379 3499 556 3561 beatissime
578 3497 686 3578 Pater,
722 3503 904 3579 prostratum
928 3515 977 3555 me
999 3493 1081 3574 pedi·
1187 3496 1189 3500 '

97 3570 98 3589 ¹
168 3585 218 3646 bus
236 3590 307 3646 tuas
327 3583 362 3645 Β.
386 3579 483 3644 offero
506 3601 575 3644 cum
596 3581 738 3644 omnibus
754 3599 911 3664 quassum
927 3577 1081 3640 athabeo.

169 3664 301 3746 vivifica,
323 3663 442 3743 occide,
464 3684 697 3745 vocaremus,
719 3683 738 3726 a
761 3663 866 3745 probs,
887 3661 1027 3743 reproba,
1050 3669 1084 3723 ut

169 3749 320 3832 placuerit,
342 3768 453 3812 vocem
474 3755 555 3810 tuam
579 3767 689 3809 vocem
711 3685 821 3808 clristi
849 3748 880 3806 in
909 3753 939 3806 te
968 3745 1079 3825 praesis

172 3834 262 3894 dente
279 3841 312 3895 et
332 3833 486 3913 loquentis
517 3849 696 3913 quosaam.
750 3829 797 3890 Si·
816 3832 946 3890 mosam
974 3827 1081 3905 merui,
