2600 4300
397 332 431 387 de
443 334 550 387 ainata
567 330 812 402 indulgentiarum.
1008 288 1082 392 1ll9¹

154 520 207 581 que
232 502 411 566 remittendi
447 508 518 566 sunt
545 504 584 565 ad
607 498 817 585 purgatorium
847 518 915 560 cum
940 492 1079 561 residud‘

151 586 362 665 poenitentiae
394 593 445 664 (ut
466 587 586 649 Gerson
621 588 653 646 in
682 584 786 665 aliquo
820 584 891 644 loco
927 580 1067 659 asserit),

151 668 201 728 sed
224 668 324 750 magis
350 672 403 747 (ut
425 670 505 731 idem
528 670 638 731 melius
663 666 735 729 alibi
757 668 852 749 sepit)
877 664 915 726 ad
937 672 1067 726 mortem

150 758 327 893 qonstanter
348 759 380 813 et
401 753 542 814 volenter
561 771 617 833 pro
641 750 799 812 voluntate
820 750 880 813 Dei
902 746 1068 828 suscipien-

169 853 226 896 am.
507 844 514 858 ’
1070 837 1073 846 “

227 916 288 978 Hic
311 916 477 979 videndum
491 924 698 980 commentum
721 914 794 977 illud
814 920 848 976 et
865 909 1068 975 tuele‘cavib

151 999 218 1079 lum,
242 1018 304 1081 quo
327 1000 412 1062 velut
430 1000 584 1083 puellulos
606 1006 720 1061 terrere
742 999 833 1059 larvis
856 997 995 1078 cupiunt,
1024 993 1068 1053 di·

151 1090 268 1143 centes:
299 1082 380 1159 Quia
401 1082 546 1144 sacerdos
567 1085 690 1164 ignorat
716 1098 889 1141 mensuram
912 1076 1066 1139 contritio-

150 1166 194 1223 nis
216 1165 419 1245 absolvendi,
449 1167 582 1245 ideoque
609 1166 688 1226 iorte
716 1184 778 1225 non
800 1163 931 1243 imponit
952 1162 1070 1220 tantam

151 1248 401 1327 satisfactionem,
413 1256 557 1329 quantam
573 1248 688 1308 iustitia
700 1246 803 1307 divium
814 1246 949 1325 requirit,
973 1260 1067 1322 quare

151 1348 279 1391 necesse
310 1338 358 1392 est
385 1337 416 1393 et
436 1332 521 1411 huic,
542 1332 592 1391 vel
613 1332 740 1411 proprio
763 1348 872 1411 opere,
900 1327 950 1387 vel
972 1324 1069 1385 indul·

151 1414 260 1493 gentiis
284 1413 434 1475 satisfieri.

228 1496 363 1556 Primum
387 1498 473 1576 vide,
505 1504 539 1558 ut
556 1496 640 1557 nuda
662 1514 719 1555 sua
742 1492 836 1555 verba
857 1511 913 1573 pro
937 1489 1072 1552 crusculis¹

151 1585 269 1657 sonent,
291 1581 358 1639 sine
378 1580 442 1640 ulla
451 1579 645 1661 probatione,
669 1597 737 1639 curn
760 1573 1065 1654 amenPropheta*)

152 1660 246 1721 dicat:
267 1660 338 1722 Non
361 1662 454 1723 iaciat
474 1662 558 1724 Deus
579 1660 717 1737 verbum,
740 1660 798 1719 nisi
814 1656 998 1719 revelaverit
1019 1674 1064 1715 se·

104 1819 105 1826 ¹
151 1748 263 1803 cretum
294 1761 380 1803 suuni
408 1744 447 1804 ad
470 1763 576 1806 servos
605 1762 679 1805 suos
706 1742 883 1823 propbetas.
933 1740 998 1799 Nec
1020 1742 1069 1798 est

104 1841 105 1844 ’
152 1826 303 1907 credibile,
324 1847 391 1887 cum
416 1828 498 1888 Deus
521 1828 685 1903 nostersit,
708 1824 758 1905 qui
780 1824 871 1885 docet
892 1842 949 1883 nos
971 1820 1065 1899 utilia,

152 1909 227 1969 sicut
247 1906 496 1991 perProphetam
519 1912 667 1990 loquitur,
690 1925 752 1969 non
777 1909 866 1969 etiam
890 1906 970 1965 hanc
991 1922 1066 1963 suae

103 2025 104 2060 q
154 1992 281 2052 iustitiae
304 1995 498 2054 exactionem
522 1992 633 2053 alicubi
655 1990 807 2052 revelarit.

103 2089 104 2094 ’
230 2074 349 2135 Deinde
379 2078 503 2154 nescio,
532 2096 570 2136 sn
604 2076 649 2134 sic
672 2074 808 2135 dicentes
839 2072 936 2133 Deum
969 2069 1066 2128 velint

103 2208 104 2237 ,
153 2159 315 2218 usurarium
338 2167 392 2219 aut
412 2166 614 2220 mercatorem
632 2158 745 2234 iacere,
761 2164 795 2216 ut
816 2157 865 2235 qui
888 2173 950 2214 non
964 2152 1064 2212 remit-

103 2248 104 2313 }
154 2247 193 2300 tat
213 2243 316 2322 gratis,
337 2243 396 2301 nisi
419 2243 447 2302 ei
468 2241 552 2302 velut
572 2242 701 2322 pretium
724 2239 867 2299 reddatur
885 2235 1063 2297 satisfactio.

103 2338 104 2413 ἐ
152 2323 195 2382 Ao
228 2323 306 2384 iorte
342 2325 467 2399 volunt,
505 2331 536 2384 ut
571 2343 639 2384 cum
669 2323 783 2384 iustitia
809 2321 867 2381 Dei
897 2325 1063 2379 tractemus

154 2404 188 2465 de
208 2408 319 2466 nostris
357 2407 508 2486 peccatis,
544 2426 646 2467 coram
677 2425 737 2484 qua
759 2404 859 2464 nullus
885 2399 1065 2461 iustificetur

103 2546 104 2556 ,
154 2487 249 2550 homo.

225 2571 347 2648 Tertio,
379 2571 405 2632 ai
426 2572 457 2631 id
477 2573 522 2632 ita
542 2580 605 2647 est,
634 2587 689 2630 cur
715 2587 791 2650 ergo
818 2586 902 2650 papa
925 2563 1065 2646 plenaria

155 2651 287 2731 absolvit,
310 2674 379 2715 cusa
402 2673 501 2733 aeque
521 2650 645 2735 ignorit
665 2669 839 2713 mensuram
860 2647 1063 2723 conuitionis,

156 2753 205 2794 nac
232 2737 300 2817 ipse
337 2744 443 2816 potest
470 2736 614 2817 supplere
640 2736 832 2797 contritionis
858 2729 1062 2812 imperiectio-

155 2817 236 2877 nam?
271 2819 411 2899 perfecta
438 2828 538 2880 autem
574 2821 638 2880 eiua
668 2817 862 2878 absolutionc
889 2833 950 2875 non
981 2817 1062 2894 eget,

155 2901 317 2962 nechabet
337 2902 462 2962 alterius
490 2905 613 2983 generis
639 2907 848 2981 potestatem,
870 2915 962 2978 quam
983 2895 1062 2955 alius

157 2984 300 3062 sacerdos,
323 2983 379 3046 sed
402 2985 527 3045 alterius
540 2985 729 3066 quantitatis,
751 2984 822 3063 quia
836 2982 903 3062 ipae
925 2977 1061 3040 omnium

157 3074 281 3143 peccata,
302 3067 353 3128 alii
375 3067 656 3148 aliquoi-emittunt,
679 3073 710 3127 et
723 3073 867 3144 quantam
880 3061 1059 3122 satisfactio·

156 3165 215 3207 nem
235 3149 279 3209 illi
301 3151 332 3210 in
355 3149 527 3229 aliquibus,
556 3157 672 3210 tautam
704 3149 822 3228 ipsein
846 3144 987 3208 omnibus
1008 3159 1063 3222 po·

157 3236 207 3290 test
225 3233 390 3308 remittere,
412 3233 629 3313 necampliua.
674 3231 797 3311 Alioqui
824 3235 992 3289 monstrum
1016 3241 1061 3283 ss-

159 3319 199 3372 aet
216 3313 349 3375 ecclesia
369 3333 409 3374 ex
431 3315 542 3375 diversi
564 3315 686 3395 generis
708 3319 862 3394 potestate
885 3307 1060 3370 constituta.

226 3395 358 3474 Quarto,
389 3404 420 3456 et
441 3397 572 3458 ecclesia
594 3398 747 3476 primitiva
767 3392 929 3476 ignorabat
949 3388 1060 3449 contri·

157 3478 235 3539 tionia
255 3494 427 3540 mensuram
450 3487 481 3540 et
508 3479 630 3560 pondus
649 3480 819 3560 spirituum,
842 3473 935 3535 nihilo
956 3480 1059 3531 tamen

157 3561 244 3621 minus
276 3561 451 3623 remittebat
477 3561 615 3636 plenarie
642 3571 771 3642 peccata
799 3566 873 3640 post
903 3563 1060 3636 peractam

218 3805 248 3874 ·)
266 3805 354 3861 Amos
374 3809 399 3864 3.
