2600 4300
405 326 878 396 adjienaebosfutterboeaenses.
1022 329 1084 396 467

153 493 220 573 ies,
251 497 375 578 qualem
397 520 447 561 me
468 509 500 562 et
521 520 607 562 meos
635 504 786 565 erimineti
808 505 891 564 estis.
925 503 998 564 biibi
1020 523 1083 581 non

153 577 217 638 erit
244 578 369 641 diffiaiie
402 583 488 662 (Deo
516 586 668 664 propitio)
702 585 867 646 defendere
901 605 970 646 mee
1002 585 1084 648 dieta

152 667 268 739 donin
288 681 355 743 vos,
377 666 433 727 sed
453 666 544 727 robis
565 669 687 728 interim
709 676 740 729 et
760 668 867 729 Ordini
891 675 993 730 vestro
1015 687 1082 749 par-

153 761 237 822 eam,
259 744 363 820 donee
381 748 514 821 audiam,
536 749 608 829 quid
632 753 697 811 sitis
719 751 836 814 faeturi.

240 827 379 910 Omitto,
406 850 485 912 qnae
505 832 616 894 Lector
648 841 752 894 vester
771 832 960 912 Bernerdus,
990 841 1083 914 eaput

150 911 392 992 ineptissimum,
415 915 548 976 blaterat
568 916 608 976 ad
627 915 773 976 vinarium
782 915 927 996 Episcopi
948 917 986 976 de
1008 918 1082 976 seis-

147 1010 227 1052 eura
247 994 441 1058 ineensntiiis
461 999 592 1077 tunicae,
614 1001 703 1080 quasi
725 1000 857 1060 eoeleste
877 997 949 1060 ideo
969 1001 1009 1059 sit
1029 1017 1080 1079 pe-

150 1078 259 1151 ritura,
283 1079 456 1141 si'fbomes
477 1090 531 1141 ant
544 1081 761 1146 Beneventum
773 1081 980 1161 repudientur.
1003 1080 1080 1156 Quis

149 1162 292 1220 serravit
311 1164 484 1241 eeclesiam,
505 1172 675 1243 antequam
686 1165 821 1225 Thomas
844 1175 875 1225 et
896 1183 1005 1224 omnes
1016 1163 1082 1226 bfo·

149 1241 244 1303 naobi
267 1252 373 1306 essent
387 1247 418 1306 in
441 1264 539 1306 rernm
562 1247 697 1308 naturai
720 1246 838 1307 Deinde
860 1247 953 1307 homo
976 1248 1079 1307 suavis

148 1324 395 1406 disputationem
423 1330 573 1408 privatam
605 1349 642 1390 se
668 1329 812 1390 habuisse
840 1327 1018 1406 eonfiteinr‚
1048 1331 1080 1389 in

148 1425 215 1486 qna
236 1410 374 1470 aoiemns
397 1412 492 1472 iibere
513 1419 545 1472 et
564 1412 755 1472 familiariter
780 1413 881 1491 ioqui,
915 1418 946 1472 et
967 1419 1082 1490 tenere,

149 1505 236 1568 qnae
257 1494 350 1552 etiam
373 1511 435 1555 non
448 1494 706 1574 praedioaremus.
728 1494 975 1556 Etnihilominus
999 1495 1079 1554 hane

150 1575 254 1652 ipsam
277 1575 432 1637 deti-rotor
450 1579 510 1637 iste
539 1579 571 1637 in
593 1579 822 1638 aeeusetionem
845 1579 953 1654 vertit,
974 1583 1006 1636 et
1026 1593 1080 1637 no·

148 1655 198 1715 bis
220 1657 363 1738 imponit,
387 1660 468 1738 quod
492 1660 562 1720 iaiei
588 1668 754 1740 quaerunt:
784 1660 842 1721 Ubi
862 1659 1080 1739 inevangeiio

150 1738 275 1800 dieatnr
297 1741 335 1801 de
357 1742 554 1803 confessione
576 1752 608 1802 et
626 1741 762 1803 ieiunio?
793 1742 905 1802 Videte
926 1742 1009 1801 hune
1031 1759 1081 1814 ve,-

149 1830 303 1883 nenatum
325 1824 546 1885 insidiatorem.
567 1825 630 1885 Onr
650 1845 713 1885 non
736 1826 861 1886 stelias
884 1825 1081 1903 quaestiones

148 1904 304 1966 laieorum
326 1907 399 1966 mibi
419 1909 567 1987 imponit,
595 1913 649 1968 aut
674 1909 767 1970 etiam
789 1908 961 1970 vetularum
983 1907 1081 1986 orepi-
1197 1901 1207 1918 ’

150 1987 230 2047 tae?
260 1990 390 2068 Veram,
413 1997 446 2050 nt
466 1990 545 2069 dixi,
579 1991 711 2070 eooipiie
738 1997 791 2052 ant
813 1985 922 2070 paoem
945 1995 999 2049 ant
1019 1988 1081 2050 bei·

150 2070 233 2151 inm,
267 2078 301 2131 nt
333 2073 500 2134 volueritis.
532 2073 695 2152 Attamen,
730 2079 763 2134 ut
795 2071 1083 2155 superabundanter

149 2172 258 2234 agam,
280 2156 422 2217 brevibus
442 2155 493 2216 bie
513 2158 665 2217 rationem
688 2156 818 2237 signabo
840 2174 944 2215 eoram
966 2158 1084 2233 eornm‚'

149 2254 236 2316 quae
260 2256 330 2298 enm
352 2238 482 2299 bettore
504 2246 606 2299 restro
629 2238 723 2300 audio
744 2240 839 2299 fnisse
862 2238 1025 2319 disputata.

238 2322 341 2382 Primo
363 2321 464 2382 dieitis
486 2322 580 2382 fnisse
602 2322 727 2401 dietum,
749 2320 832 2401 quod
854 2322 937 2381 Dens
960 2338 1082 2400 praeoe-

149 2404 235 2483 perit
263 2405 381 2465 bomini
410 2404 630 2487 impossibilia.⁸
671 2404 875 2484 Respondeo:
911 2402 973 2463 Gur
1005 2420 1080 2487 ergo

151 2486 267 2546 Penius
290 2488 417 2550 Rom.8.
440 2486 522 2565 dieit,
543 2487 638 2547 fuisse
658 2486 859 2567 impossibile,
882 2504 944 2547 non
964 2492 1081 2547 tantum

150 2570 260 2649 nobis,
290 2568 459 2630 sedetiam
482 2570 560 2649 tegi,
597 2576 631 2629 nt
654 2570 770 2629 iustitia
790 2568 902 2629 fleret?
936 2567 1008 2627 ideo
1031 2586 1082 2629 ne-

150 2668 243 2713 eesse
265 2652 377 2729 fnisse,
408 2659 443 2712 nt
463 2652 602 2712 cbristus
623 2652 814 2713 moreretur?
843 2650 949 2731 Legite
971 2651 1004 2711 Β.
1023 2650 1082 2709 An-

127 2736 311 2815 ,gnstinunr
332 2734 374 2795 de
396 2734 586 2815 perfectione
607 2736 759 2813 institiae,
788 2740 819 2794 et
839 2734 1003 2793 invenietis
1026 2748 1081 2792 vos

152 2819 257 2897 potius
279 2836 414 2878 errorem
435 2816 665 2877 schismaticum
688 2824 719 2877 et
752 2816 929 2897 pestiferum
959 2815 1081 2893 dooere,

152 2900 282 2979 qnando
303 2901 434 2981 negatis,
456 2900 573 2961 homini
595 2918 665 2960 asse
686 2898 888 2979 impossibilia
905 2904 1081 2978 praerepto.
1164 2896 1170 2905 '

152 2984 217 3043 Aut
236 2982 347 3059 dieite,
383 2983 417 3043 Bi
440 2981 713 3063 sunt‘possibiiis‚
743 2980 784 3043 ad
812 2980 883 3060 quid
908 2981 1082 3057 neeessaria

152 3073 203 3126 est
287 3066 352 3126 tie?
379 3065 442 3125 Ant
469 3064 596 3125 iiioditis
627 3072 661 3125 et
686 3062 817 3125 irridetis
853 3062 1081 3125 misericordiae

154 3148 214 3209 Dei
259 3146 444 3209 enedoiumi

236 3230 378 3311 Denique
406 3248 461 3290 eur
491 3231 601 3292 oratio:
632 3231 701 3290 Fiat
722 3229 867 3289 voluntas
888 3233 957 3305 tna,
980 3228 1005 3287 si
1026 3246 1082 3306 per

153 3332 212 3375 vos
233 3315 366 3395 potestis
386 3313 489 3373 faeere
510 3313 702 3374 voluntatem
724 3311 804 3371 Deii
825 3309 924 3370 Pudet
945 3328 995 3369 me
1017 3316 1081 3369 tam

153 3414 278 3457 emesae
299 3402 421 3457 vestrae
442 3397 631 3473 temeritatis,
654 3393 738 3473 quod
759 3394 840 3453 hane
861 3390 1080 3451 christianissi-

153 3496 236 3539 mam
252 3478 437 3576 'doctrinam
460 3478 623 3559 appeiiatis
653 3475 815 3557 pestiferos
837 3482 868 3535 et
887 3475 1079 3555 perniciosos

156 3580 381 3705 errorSegorrndo
403 3660 538 3703 errorem
567 3642 684 3719 dieitis,
722 3639 805 3719 quod
827 3640 910 3699 Deus
945 3640 1040 3719 exigit
1062 3658 1082 3698 a

154 3726 293 3806 quolibet
311 3726 485 3789 christiano
508 3742 658 3785 summam
679 3722 900 3801 perfeetionem
928 3728 959 3780 et
981 3726 1079 3780 totum

154 3809 361 3890 evangelium.

715 3916 873 3984 930*
