2600 4300
236 303 284 394 η’
489 327 603 398 mpura
620 326 650 382 a.
670 325 736 384 mv.
754 327 904 384 masau..

237 499 270 562 in
292 498 392 562 cnleo.
436 497 566 577 'sibique
585 503 751 580 propterea
772 501 821 558 est
839 495 915 558 illud
937 497 1094 578 sophisma
1111 499 1148 558 ni·

238 581 283 643 hil
306 588 338 644 et
358 582 535 660 chimaera3
556 581 679 664 litigant
699 581 730 640 in
754 597 856 660 sacco,
878 579 1149 642 tuaescilicetcon-

236 665 324 726 lusae
344 665 515 746 farraginis.

300 749 412 809 lterum
435 755 537 807 antem
559 752 652 826 atque
674 746 799 822 iterum,
831 751 863 806 et
884 745 924 807 ad
945 765 1092 807 nauseam
1110 766 1150 806 rc

236 833 333 912 petis,
355 829 439 910 quod
460 831 517 890 sim
539 849 613 890 vere
634 829 796 889 Thomista
817 835 849 889 et
868 829 1101 907 Aristoteliam,
1126 835 1153 891 et

258 912 320 974 nod
347 919 469 994 praeter
494 912 646 972 Thomam
678 911 753 972 nihil
776 931 846 972 mea
866 912 962 974 verba
988 911 1151 974 redoleant

236 933 328 1072 lucu
356 994 498 1075 equidem
526 993 650 1074 quando
682 994 721 1054 ad
743 1001 773 1054 te
802 996 924 1075 scripsi,
953 1001 1151 1076 opportunum

237 1087 269 1141 et
290 1080 364 1140 satis
386 1077 459 1137 mihi
481 1078 576 1138 fuisse
592 1078 773 1138 astruxerim
796 1077 836 1138 ad
858 1077 912 1138 tibi
932 1079 964 1138 in
987 1077 1153 1138 maledictis

238 1160 520 1224 contradicendum.
563 1161 693 1220 Visurus
716 1179 748 1220 es
776 1167 878 1222 autem
901 1162 1096 1244 evestigio,
1119 1179 1152 1220 an
1189 1227 1190 1230 Ἴ

237 1264 296 1328 ego
320 1263 442 1326 quoque
465 1252 496 1304 et
516 1243 594 1304 lorte
617 1243 713 1324 longe
734 1243 843 1304 melius
865 1262 957 1323 quam
979 1250 1014 1304 tu
1039 1263 1153 1304 monum

236 1327 352 1388 ferulae
374 1326 591 1403 subduxerim,
612 1333 702 1386 etan
726 1327 783 1386 sim
800 1347 893 1408 purus
912 1327 1088 1398 Thomista,
1109 1326 1154 1386 vel

236 1411 352 1482 iurista,
373 1417 427 1469 aut
448 1410 617 1486 canonista,
639 1415 704 1468 aut
712 1407 856 1482 Paulista,
878 1415 931 1470 aot
953 1417 1039 1472 certe
1061 1408 1154 1490 sophi-

238 1499 294 1554 sta.
329 1491 532 1572 Quamquam,
555 1493 675 1552 etiamsi
697 1489 799 1552 divum
822 1491 972 1554 Thomam
996 1493 1098 1553 solum
1118 1493 1155 1551 ia·

238 1576 395 1638 miliariter
416 1576 589 1651 novissem,
626 1592 691 1634 non
713 1574 782 1654 plus
804 1575 1006 1636 asscriberem
1037 1573 1154 1655 probro,

237 1658 321 1740 quod
343 1677 393 1718 me
421 1663 453 1718 et
481 1657 604 1736 quidem
627 1657 786 1718 verissime
808 1657 1000 1720 Thomistam
1032 1658 1155 1734 vocitas,

238 1761 329 1821 qoam
351 1741 560 1827 caecusprius,
581 1739 693 1800 deinde
715 1740 831 1800 lumine
853 1740 1018 1802 decoratus
1042 1759 1061 1800 a
1081 1739 1155 1799 Chri-

237 1831 286 1886 sto
308 1824 542 1884 Pharisaeorum
575 1822 823 1883 maledictionem
856 1825 1073 1906 asscripserit,
1102 1841 1156 1900 qua

236 1907 412 1983 Pharisaei,⁸
424 1906 567 1966 iohanne
582 1905 782 1984 Evangelista
797 1904 833 1979 ⁴⁵)
859 1913 947 1982 teate,
971 1908 1000 1966 ei
1013 1905 1155 1966 maledix-

238 1996 337 2067 erunt,
359 1989 513 2049 diceotes:
555 1987 602 2047 Tu
624 1987 792 2068 discipulus
817 1990 884 2052 eius
906 1991 958 2064 sia,
979 1988 1012 2049 id
1035 1995 1092 2064 est,
1111 1987 1154 2048 Je-

239 2092 273 2133 su
297 2072 418 2135 Christi.
462 2069 761 2132 Omaledictionem
785 2078 816 2132 ct
838 2071 1037 2155 opprobrium
1061 2073 1154 2152 singu·

237 2156 302 2217 lare
324 2175 393 2216 esse
416 2154 597 2234 discipulum
611 2154 733 2234 Christi,
756 2158 915 2216 autetiam
934 2154 997 2215 divi
1009 2155 1153 2231 Thomas,

238 2240 323 2298 cuins
345 2238 496 2313 doctrina,
518 2237 595 2297 velis
616 2237 707 2314 nolis,
730 2257 786 2316 per
807 2236 970 2300 ecclesiam
986 2238 1153 2299 Romanam

237 2321 369 2383 cribrata
396 2326 444 2381 est
471 2327 503 2380 et
522 2319 671 2400 probata,
699 2340 763 2379 non
791 2322 877 2399 quasi
905 2322 1077 2397 canonica,
1105 2318 1154 2381 sed

237 2410 383 2484 tanquam
407 2403 542 2464 moribus
573 2409 604 2462 et
624 2401 697 2461 lidei
720 2402 891 2463 catholicae
913 2404 1099 2482 conformis,
1129 2408 1156 2462 et

238 2506 329 2567 quam
343 2506 479 2547 summus
488 2485 630 2566 pontifex
638 2484 847 2567 Innocentius,
866 2492 998 2567 excepta
1010 2487 1155 2567 scriptura

238 2570 397 2646 canonico,
420 2569 579 2629 doctrinae
602 2574 777 2628 sanctorum
798 2570 932 2629 omnium
956 2568 1097 2647 antefert,
1118 2567 1155 2629 di·

238 2670 329 2713 cens:
350 2652 447 2712 Huius
469 2650 499 2711 S.
511 2651 648 2711 doctoris
668 2652 822 2730 ¹sapientia
844 2670 918 2732 prae
939 2652 1087 2730 caeteris,
1109 2671 1154 2712 cx·

238 2742 329 2815 cepta
350 2735 516 2809 canonica,
537 2733 631 2795 habet
652 2735 871 2814 proprietatem
893 2735 1076 2813 verborum,
1098 2754 1154 2795 mo-

238 2817 310 2877 dnm
340 2816 556 2893 dicendorum,
593 2818 752 2877 veritatem
788 2819 1023 2893 sententiarum,
1056 2819 1101 2879 ita
1125 2824 1154 2876 ut

237 2919 410 2979 nunquam,
433 2900 483 2979 qni
504 2918 572 2959 eum
595 2899 709 2975 tenuit,
731 2900 904 2960 inveniatur
926 2920 945 2959 a
966 2900 1090 2961 tramite
1110 2919 1153 2959 vs-

197 2996 201 3003 ’
235 2984 335 3043 ritotis
357 2982 508 3059 deviasse,
526 2987 558 3041 et
578 2982 712 3061 quicum
734 2982 939 3065 impugnavit,
962 3002 1086 3064 semper
1104 2982 1153 3043 sirit

239 3066 279 3127 da
299 3066 431 3127 veritate
452 3070 621 3144 suspectus.
896 3116 901 3123 .
1082 3079 1084 3083 ’

301 3147 382 3224 Quid
403 3166 478 3227 ergo
499 3152 608 3207 contra
628 3146 778 3207 Thomam
814 3148 929 3209 faciunt
949 3152 1153 3229 praesumtuo-

239 3250 342 3293 sorum
364 3235 396 3292 et
416 3229 581 3290 sciolorum
604 3229 755 3291 latratus?
797 3230 893 3309 Vide,
920 3250 960 3291 an
989 3239 1059 3292 tuus
1083 3230 1152 3292 ordo

237 3315 414 3395 peritiorem
437 3319 490 3373 aut
511 3313 696 3372 sanctiorem
718 3313 875 3391 habuerit,
897 3332 987 3394 quem
1012 3314 1153 3395 sequaris,

238 3416 307 3457 cnm
329 3414 460 3477 magnus
480 3395 621 3454 Binarion
645 3394 676 3463 ¹)
702 3395 862 3477 eleganter
889 3398 1088 3474 eructaverit,
1115 3396 1152 3455 di·

238 3498 311 3538 vum
344 3479 496 3539 Thomam
532 3478 612 3536 inter
649 3485 774 3546 sanctos
814 3478 1040 3558 doctissimum,
1082 3481 1153 3540 inter

240 3560 354 3620 doctos
376 3560 613 3636 sanctissimum,
634 3560 697 3621 imo
719 3568 800 3623 teste
820 3562 961 3641 veritate,
983 3582 1064 3642 quae
1077 3560 1151 3622 Oini-

297 3775 327 3834 ·)
345 3773 444 3829 Johan.
462 3776 488 3831 9.
526 3771 575 3843 ’1)
595 3779 627 3829 ln
647 3777 690 3831 ed.
709 3777 786 3831 dem:
805 3778 964 3834 Bessarion.
