2600 4300
401 310 437 365 ds
455 314 555 368 virtute
571 310 816 382 iuddflsatiam.
1003 302 1066 373 108

154 482 218 543 dum
233 482 388 543 intentant
405 482 452 544 iiii
473 484 557 544 omni
584 502 624 544 ex
654 488 741 563 parte
764 486 913 560 mortem,
944 480 1066 543 ammi

153 566 309 626 ssutneriut
327 586 398 632 enm
419 573 543 644 terrere,
564 586 627 634 non
649 564 809 644 oeoidere,
838 565 889 627 hio
910 565 969 645 ipsi
992 564 1066 625 sorti

152 656 218 710 suut
236 667 307 708 enm
330 651 497 727 viaturam,
520 651 588 729 ipse
611 666 684 709 vero
706 648 781 709 nihil
805 650 863 709 nisi
884 649 1065 728 praesentis·

152 735 253 793 umam
276 740 406 794 mortem
426 733 525 810 videt,
557 739 650 812 atque
678 750 715 791 eo
748 732 817 812 ipso
845 733 907 791 iam
930 732 1065 808 moritum,
1122 720 1132 737 '

152 816 246 875 solum
267 814 301 875 id
323 815 380 876 sibi
401 816 552 894 reliquum
574 824 637 893 est,
663 813 747 894 quod
769 814 905 875 nondum
928 816 968 875 sit
989 832 1068 873 mor·

152 907 235 976 tuus,
266 900 430 978 possitque
451 898 564 959 redimi·
579 918 600 957 a
621 904 737 976 morte,
771 896 826 957 sed
852 898 959 957 *nesoit
977 896 1067 975 unde,

152 980 230 1041 ridet
250 983 334 1041 enim
356 982 427 1043 ilios
450 1001 558 1061 posse,
579 981 634 1041 sed
656 980 759 1059 nolle,
793 982 885 1061 igitur
906 980 971 1040 iere
993 978 1067 1039 nihil

152 1062 247 1125 differt
267 1084 288 1123 a
308 1072 442 1126 mortuo.
489 1065 537 1125 Ita
566 1064 687 1125 videtur
722 1064 753 1123 in
786 1080 902 1143 pavore
924 1070 1068 1123 aeternae

152 1148 254 1207 mortis
275 1146 356 1227 fieri,
392 1147 476 1227 qnod
496 1166 560 1209 uon
583 1146 685 1224 uliud,
719 1166 809 1225 quam
831 1152 987 1207 aeternam
1010 1146 1067 1206 sibi

152 1230 283 1291 sentiunt
303 1232 465 1291 imminere
487 1232 571 1291 omni
592 1250 633 1291 ex
654 1237 751 1310 parte.
795 1229 846 1290 Sie
867 1230 950 1289 eanit
971 1229 1068 1289 aoeie-

152 1316 194 1373 sia
212 1332 270 1393 pro
292 1315 354 1374 eis:
390 1313 639 1393 apostatatos
668 1332 742 1373 erue
770 1314 887 1373 animas
911 1330 1015 1372 eorum
1038 1317 1069 1371 et

152 1396 242 1457 libera
273 1416 329 1456 eas
356 1396 397 1457 de
427 1416 482 1457 ore
504 1397 621 1473 leonis,
660 1414 699 1455 ne
733 1395 898 1457 absorbeat
929 1414 983 1455 eas
1011 1401 1069 1454 tar·

153 1483 301 1542 tumsete.
326 1479 433 1542 Solum
453 1479 485 1539 id
508 1480 657 1558 reliquum
680 1479 827 1539 scientiae
842 1477 965 1555 habent,
987 1476 1069 1556 quod

102 1597 103 1622 ι
153 1562 229 1623 Deus
250 1565 355 1642 possit
375 1582 443 1623 eos1
453 1562 620 1640 redimere,
653 1562 708 1623 sed
742 1561 827 1621 nolle
857 1561 917 1621 illis
939 1560 1069 1622 videtur.

102 1647 103 1718 ἴ
155 1646 295 1705 damnati
317 1665 392 1707 vero
414 1647 517 1705 statim
531 1645 603 1705 huie
614 1646 698 1706 melo
712 1641 828 1705 addunt
839 1643 1070 1723 blasphemiam,

102 1728 103 1735 ’
154 1728 192 1787 iiii
214 1748 290 1789 vero
316 1728 416 1790 solam
439 1729 596 1807 querelam
618 1735 650 1787 et
669 1729 814 1809 gemitum
826 1726 1070 1803 inenarrabilem,

102 1829 103 1834 ¹
157 1812 314 1871 sustentati
336 1832 356 1872 a
378 1813 492 1891 spiritu.
534 1810 593 1871 Hie
614 1812 695 1871 enim
716 1810 812 1870 fertur
837 1810 958 1889 spiritus
980 1826 1073 1888 super

102 1949 103 1956 ,
156 1913 255 1973 aquas,
279 1894 333 1956 ubi
354 1903 427 1955 sunt
447 1894 594 1955 tenebrae
615 1912 708 1974 snper
730 1892 844 1955 faeiem
862 1892 976 1973 abyssi.
1010 1890 1071 1953 Sed

102 2003 103 2012 ι
156 1976 190 2036 de
209 1976 271 2037 hoe
291 1996 388 2056 supra
409 1977 511 2039 latius.
1066 2002 1069 2014 ·

231 2060 396 2137 Secundo,
429 2060 526 2120 muita
547 2059 689 2139 leguntur
709 2058 870 2137 exempla,
901 2057 932 2115 iu
962 2054 1071 2134 quibus

102 2180 103 2217 ι
158 2142 295 2221 habetur,
331 2143 496 2204 nonnullas
525 2144 643 2203 animas
665 2142 746 2202 hano
766 2143 812 2202 sui
834 2144 931 2202 status
952 2138 1072 2199 inserti·

159 2226 287 2288 tudinem
310 2227 470 2288 eonfessss
496 2227 599 2287 fuisse.
655 2223 871 2304 Adparuerunt
898 2223 978 2282 enim
1007 2229 1072 2281 tan·

102 2356 103 2391 ,
158 2328 241 2388 quam
264 2317 375 2370 euntes
397 2311 499 2371 voeati
521 2308 561 2368 ad
581 2309 737 2384 iudieium,
759 2314 793 2367 ut
814 2305 893 2368 deS.
909 2303 1072 2364 Vincentio

159 2400 211 2453 ete.
252 2393 386 2454 Rursum
407 2393 552 2473 leguntur
568 2391 673 2468 multa,
694 2393 725 2450 in
739 2390 848 2469 quibus
860 2387 1073 2450 uertitndinem

160 2495 236 2536 suam
270 2483 343 2536 sunt
363 2476 535 2536 confessae.
578 2475 627 2535 Ad
649 2491 729 2552 quae
751 2473 829 2534 dieo.
873 2471 991 2550 Primo,
1024 2487 1074 2530 me

102 2572 103 2581 ¹
160 2558 267 2619 dixisse
300 2578 366 2620 non
399 2578 507 2621 omnes
534 2575 604 2618 esse
639 2565 748 2618 aenas.
802 2554 962 2631 Seeuudo,
995 2552 1074 2612 forte

162 2641 260 2701 melius
283 2642 451 2702 seeundum
472 2641 646 2721 praedicta,
675 2659 728 2699 eas
756 2659 817 2700 non
846 2639 939 2698 fuisse
961 2644 1070 2714 certas,

102 2736 103 2781 ὲ
161 2724 208 2784 sed
228 2743 305 2804 prae
327 2725 422 2786 nimio
435 2725 541 2784 auxilii
556 2722 716 2798 desiderio,
737 2729 883 2800 tanquam
905 2727 1007 2780 sertae
1029 2735 1075 2778 es·

163 2815 231 2883 sent,
253 2807 392 2868 reloeius
413 2809 511 2867 iuvari
531 2806 722 2887 postulasse,
750 2807 795 2865 ita
827 2812 859 2864 nt
884 2805 986 2882 potius
1008 2802 1075 2881 opi·

102 2906 103 2969 t
163 2897 263 2950 nentur
294 2893 328 2951 et
359 2890 468 2950 timide
500 2895 697 2970 praesument
732 2908 801 2948 sese
833 2895 949 2962 nestas,
981 2903 1074 2966 quem

102 2974 103 2997 ³
165 2974 260 3033 soient
304 2972 390 3033 Sient
418 2981 450 3033 et
475 2975 507 3033 in
530 2967 697 3052 euangelio
719 2969 758 3031 de
780 2969 982 3031 daemonibus
1004 2967 1075 3028 dioi-

102 3080 103 3089 ι
165 3062 213 3129 tur,
234 3055 319 3135 quod
340 3056 480 3116 soiebent
502 3057 602 3134 ipsum
624 3073 694 3114 esee
710 3054 872 3128 Christum,
893 3053 925 3112 id
946 3059 1003 3129 est,
1025 3069 1076 3110 ved

102 3180 103 3185 η
165 3138 313 3199 dementer
337 3136 557 3218 opinabantur,
586 3146 620 3198 ut
640 3139 684 3197 ait
705 3137 819 3217 glossa.
862 3137 910 3198 Ite
938 3136 1019 3196 enirn
1041 3131 1076 3192 iit

167 3222 333 3284 neutraliter
359 3223 391 3282 in
423 3222 509 3282 omni
530 3221 673 3300 angustia
703 3227 733 3280 et
761 3239 891 3299 pavore,
927 3227 960 3278 ut
986 3216 1076 3276 vehe-

102 3293 122 3385 J
168 3312 274 3364 menter
294 3306 456 3384 opinemur
476 3323 535 3364 nos
558 3322 628 3364 esse
648 3302 749 3362 adhue
774 3301 978 3383 reparabiles,
1007 3317 1074 3358 oum

169 3393 257 3448 tanen
280 3390 378 3468 magis
400 3388 440 3448 sit
459 3387 502 3448 ibi
523 3385 636 3466 eupido
657 3387 870 3466 reparationis,
892 3401 981 3461 quem
1005 3395 1077 3459 spes

170 3477 214 3530 aut
232 3471 374 3546 seientia,
408 3471 487 3530 simut
516 3471 547 3530 iu
576 3469 777 3530 daemonibus
798 3467 867 3548 pins
888 3467 944 3527 tuit
964 3461 1077 3546 oupido

102 3584 103 3623 ι
171 3551 284 3634 uniendi,
305 3573 398 3634 quem
414 3553 552 3614 seientia.
599 3551 736 3617 seientia
763 3553 843 3615 enim
874 3547 980 3610 salutis
1013 3565 1077 3608 non

102 3632 103 3673 i
171 3644 265 3715 peret,
287 3656 388 3716 neque
409 3635 557 3716 trepidat,
590 3633 645 3696 sed
667 3633 810 3710 confidit,
833 3633 998 3710 omniaque
1018 3630 1077 3690 for-

102 3752 103 3795 ;
173 3720 275 3782 tissime
295 3720 417 3782 tolerat
779 3785 782 3792 ,
879 3783 882 3790 ⁴
1051 3724 1055 3735 ¹

102 3806 103 3809 ’
240 3803 297 3865 Hie
317 3803 441 3864 dieitur:
475 3799 557 3876 Quid
586 3817 661 3880 ergo
689 3797 728 3860 de
756 3795 875 3858 iudioio.
891 3795 1077 3877 particulari,

195 3921 275 3964 intueri
288 3934 340 3973 opp.
356 3923 383 3964 V.
398 3922 424 3962 Δ.
438 3921 520 3961 adrat.
534 3920 583 3960 hist.
606 3918 621 3956 l.
636 3928 658 3966 p.
676 3915 724 3956 Vol.
741 3915 769 3954 11.
878 3921 912 3978 13
