2600 4300
233 297 296 368 488
525 301 606 357 lars.
624 253 866 360 bath-Detonsis

233 473 400 554 ploremus,
419 470 503 552 quod
523 490 565 534 na
585 474 719 553 unguem
742 471 864 553 quidam
887 473 986 534 latum
1015 469 1077 550 ipsi
1097 467 1156 549 dig·

233 561 344 620 nactur
364 574 434 616 eam
455 561 627 636 acceptare.
726 621 737 646 Ι

316 636 417 713 Quare
440 640 547 698 iterum
569 637 680 698 Ecoius
703 637 853 718 depravat
880 637 977 698 verba
998 635 1078 713 Dei,
1108 641 1157 696 aut

233 723 260 783 si
280 722 399 802 integra
417 720 580 800 relinquit,
607 721 834 784 Donatistarum
855 721 1010 782 haeresim
1033 725 1158 780 revocat

233 810 386 882 statuens,
414 803 589 884 pontificem
611 824 675 866 non
697 811 874 885 pascentem
897 824 960 864 non
989 821 1064 864 csse
1086 820 1155 882 pon·

233 886 367 963 tifioam,
400 887 472 966 quia
489 887 567 948 haec
590 887 683 956 terha
705 887 815 950 Christi
838 889 1157 967 incorruptasarvatn

234 969 370 1032 officium
398 971 561 1049 imponunt
583 972 678 1042 (sane
708 972 843 1032 omnium
867 972 1035 1032 maximum
1058 974 1091 1029 at
1110 988 1157 1047 pa·

232 1054 499 1132 riculosissimum,
532 1052 652 1114 scilicet
673 1053 758 1114 verbi
780 1053 929 1132 docendi,
953 1061 985 1114 et
1007 1050 1156 1113 moriendi

232 1155 289 1218 pro
310 1135 501 1212 animabus),
522 1142 575 1196 aut
597 1135 723 1197 nihilad
736 1135 915 1216 pontificem
936 1137 1066 1196 faciunt.
1090 1134 1156 1196 Jam

232 1221 314 1281 enim
335 1225 400 1280 erat
420 1218 527 1279 Petrus
554 1218 637 1298 quod
665 1227 745 1296 erat,
783 1220 943 1300 apostolus
974 1218 1103 1278 scilicet
1130 1225 1159 1277 at

231 1303 358 1384 primus,
379 1300 501 1381 quando
523 1300 641 1362 audivit
652 1300 788 1364 officium
808 1302 957 1382 pascendi
981 1301 1040 1362 sibi
1063 1302 1156 1380 impo-

232 1387 332 1448 situm.

315 1465 411 1530 Addit
431 1466 555 1530 tandem
576 1465 690 1528 Eooius
712 1467 900 1530 Coronidem
922 1468 971 1528 his
994 1466 1096 1545 dictis,
1118 1465 1156 1526 di·

232 1569 324 1628 oans,
345 1549 377 1611 Si
398 1558 506 1612 sancta
526 1559 624 1610 mater
645 1550 780 1612 ecclesia
800 1552 897 1612 canit:
928 1551 975 1612 Tu
997 1570 1032 1611 es
1053 1556 1158 1630 pastor

233 1635 346 1711 ovium,
367 1635 510 1713 princeps
522 1633 747 1713 apostolorum,
768 1633 823 1694 tibi
845 1633 970 1694 tradidit
986 1633 1072 1694 Deus
1095 1651 1156 1694 om·

233 1717 284 1776 nin
304 1736 400 1797 regna
422 1716 536 1778 mundi.
558 1716 690 1776 Primam
706 1717 886 1798 particulam
903 1717 1034 1795 scilicet,
1056 1715 1102 1776 Tu
1124 1735 1155 1776 es

232 1806 339 1879 pastor
360 1800 474 1877 ovium,
495 1799 608 1858 Eccius
630 1800 705 1860 satis
729 1807 908 1860 constanter
929 1801 1019 1880 parvi
1041 1798 1155 1880 pandit

233 1882 312 1944 siout
333 1883 417 1959 etii,
439 1901 517 1962 quos
527 1881 643 1962 palpat,
667 1901 758 1962 quam
781 1883 806 1942 si
824 1890 993 1958 servarent,
1014 1883 1154 1963 primum,

233 1969 266 2026 ut
287 1963 366 2044 dixi,
393 1983 485 2026 nemo
516 1966 720 2045 principatum
732 1967 880 2028 'omnium
908 1985 971 2026 non
1001 1965 1154 2040 tribueret,

231 2067 339 2110 verum
366 2066 470 2127 neque
494 2055 669 2127 pasturam,
703 2067 804 2128 neque
831 2048 1154 2129 principatumhunc,

231 2150 335 2211 nequa
360 2151 457 2212 regna
479 2129 583 2191 mundi
604 2131 666 2193 hoo
694 2131 788 2195 modo
811 2131 923 2193 tradita
955 2132 1036 2193 ullus
1058 2132 1153 2213 ponti-

231 2214 283 2276 fex
304 2213 446 2291 affectat,
469 2214 524 2275 aed
546 2214 713 2275 exhorrent
737 2235 853 2277 omnes.

232 2342 236 2351 .
291 2296 418 2372 'Quare
438 2298 517 2357 siout·
537 2297 632 2359 verba
654 2297 765 2359 Christi
795 2306 866 2359 sunt
886 2298 1077 2377 spiritualia,
1110 2298 1151 2358 ita

232 2384 264 2441 at
284 2380 444 2441 ecclesiae.
466 2378 577 2441 Omnia
598 2400 695 2461 regna
715 2381 819 2443 muudi
842 2381 953 2442 tradita
973 2381 1149 2459 suntPetro,

232 2468 266 2524 ut
286 2463 407 2525 doceat.
429 2461 485 2523 Cui
497 2463 612 2525 Patro?
634 2482 698 2525 non
720 2466 770 2525 uni
789 2484 951 2545 personae,
974 2463 1030 2525 sed
1056 2462 1149 2525 eccla

233 2547 304 2607 siae
319 2553 350 2607 et
370 2545 606 2627 apostolorum,
628 2547 660 2607 in
683 2548 767 2607 cuius
788 2567 933 2628 persona,
955 2554 989 2607 ut
1009 2546 1148 2624 diximus,

231 2629 366 2689 audivit:
389 2627 457 2689 Tibi
478 2627 559 2689 dabo
589 2629 694 2691 claves
723 2632 809 2711 regni
839 2630 1006 2693 coelorum.
1040 2630 1148 2691 Eooius

231 2730 305 2775 vero
327 2710 438 2773 tradita
458 2712 672 2792 regnamundi
693 2712 846 2794 intelligit,
868 2712 907 2773 ad
920 2712 1148 2790 dominandum,

118 2839 121 2851 .
232 2813 295 2857 non
316 2795 356 2855 ad
377 2794 584 2855 serviendum.
627 2847 633 2856 .

313 2877 388 2939 Post
412 2876 491 2940 hacc
515 2876 633 2939 inducit
659 2879 782 2941 Patruus
808 2877 891 2939 diota
920 2883 1009 2953 (nam
1040 2880 1072 2939 in
1092 2876 1168 2939 hac·

231 2963 360 3023 materia
379 2959 505 3023 multum
527 2960 680 3043 laborat),
701 2963 799 3042 primo
817 2961 1004 3043 Cyprianum
1028 2962 1070 3023 de
1082 2963 1146 3023 sim·

230 3042 367 3124 plicitate
387 3041 593 3106 Plaelatorum
616 3044 869 3126 depravatissimo
889 3044 1020 3123 inducit,
1048 3046 1090 3105 ita
1117 3051 1147 3105 ut

230 3126 378 3192 malitiam
412 3125 481 3205 plus
510 3145 602 3208 quam
627 3128 780 3191 inscitiam
808 3126 893 3189 Eccii
916 3126 943 3203 ι)
972 3146 1146 3207 suam-pro·

232 3206 292 3276 dat
347 3209 517 3291 Cyprianus
558 3210 601 3281 ibi
639 3218 748 3273 contra
788 3210 980 3273 Novatianos
1022 3210 1145 3271 haereti·

232 3309 286 3354 cos
299 3291 332 3372 ²)
355 3292 499 3373 loquitur,
521 3291 573 3353 ubi
587 3292 700 3354 Ennius
724 3293 878 3355 malitiosa
901 3292 1049 3373 decerpit,
1068 3311 1144 3373 quaa

230 3392 288 3453 pto
317 3395 352 3437 se
378 3375 519 3437 videntur
545 3380 648 3454 stare,
679 3377 789 3437 ceteris
819 3377 928 3439 tacitis.
961 3375 1067 3439 Verba
1092 3374 1144 3457 Cy·

231 3456 329 3533 priani
352 3465 423 3519 sunt
446 3456 543 3519 haec:
572 3456 720 3533 Quamvis
743 3460 893 3541 apostolis
915 3458 1058 3521 omnibus
1078 3465 1145 3539 post

230 3542 486 3601 resurrectionem
506 3558 593 3601 suam
613 3560 720 3621 parem
748 3548 933 3625 potestatem
960 3541 1089 3621 tribuat,
1117 3548 1144 3603 at

284 3722 314 3784 1)
332 3724 363 3775 ln
381 3727 422 3780 ad.
442 3728 520 3785 ianr
548 3732 654 3785 Ecum.
691 3730 724 3797 2)
744 3733 777 3786 In
795 3733 837 3787 ed.
860 3734 962 3802 princ:
985 3722 1142 3789 novationc⁸

231 3786 383 3847 haereticis.
405 3851 410 3856 ζ
730 3841 755 3883 υ
