2600 4300
401 328 438 385 ss
456 330 556 385 maa
573 330 819 401 isonam-ma.
1012 321 1072 395 13'1

143 512 211 555 sess
258 514 333 558 osas
356 514 491 577 unquam
512 496 631 577 redimi,
653 498 710 559 nisi
731 498 815 579 quod
835 499 926 560 sentit
939 482 1074 560 nondum

128 514 333 658 ¹compbstam
358 598 503 660 poenam.
544 580 723 641 beelamon
746 588 881 661 aeterna,
903 598 1003 661 neque
1021 602 1074 665 po-

143 666 296 722 testeam
320 664 523 743 temporalem
550 664 741 737 existimare,
770 664 868 724 solum
897 664 1076 744 relinquitur

142 742 261 804 nudum
286 745 472 806 desiderium
494 746 610 823 auxilii,
628 754 659 807 et
677 746 847 807 horrendus
866 749 1008 827 gemitus,
1019 747 1074 809 ssd

141 827 242 886 nescit
266 828 350 889 uude
371 830 637 909 petat'auxilium.

225 909 289 970 Hic
317 918 365 972 est
386 912 489 972 anima
510 929 650 992 expansa
672 928 740 971 cunr
765 910 901 988 Obristo,
929 918 962 972 ut
990 911 1074 973 dinu-

142 1000 305 1053 merentur
326 995 433 1055 omnia
455 1012 527 1055 ossa
548 995 624 1074 eius,
647 1012 705 1053 nec
727 997 776 1055 est
798 993 876 1054 ullus
891 994 1020 1075 angulus
1043 996 1072 1055 in

142 1096 191 1145 aa,
225 1095 293 1137 non
316 1076 451 1157 repletus
474 1076 677 1138 amaritudine
699 1076 906 1150 amarissima,
938 1076 1075 1155 horrore,

141 1177 281 1239 pavore,
304 1160 444 1237 tristitia,
473 1159 526 1219 sed
548 1161 585 1220 iis
607 1158 749 1220 omnibus
771 1178 832 1219 non
855 1160 913 1219 nisi
934 1162 1073 1221 aeternis.

224 1241 270 1302 Et
290 1248 326 1302 nt
348 1240 418 1301 dem
441 1242 539 1302 simile
561 1250 724 1321 utcunque,
747 1242 772 1301 si
794 1242 925 1322 sphaere
940 1249 1077 1304 transeat
1169 1298 1172 1305 .

144 1343 239 1405 super
262 1324 376 1385 lineam
398 1332 532 1402 rectam,
561 1324 689 1404 quilibet
718 1332 849 1405 punctus
873 1325 953 1385 linea
975 1333 1075 1387 tuctus

142 1414 240 1467 totam
264 1407 326 1468 fert
347 1407 525 1487 sphaeram,
554 1426 615 1468 non
643 1414 746 1467 tamen
779 1406 1010 1487 comprehendit
1032 1416 1075 1470 to·

143 1497 204 1551 tam
228 1490 409 1571 sphaeram.
443 1490 489 1551 lta
511 1491 614 1550 anima
635 1491 667 1549 in
689 1508 745 1550 suo
768 1498 893 1570 puncto,
916 1490 987 1550 dum
1011 1497 1075 1552 tan·

144 1574 225 1656 gitur
248 1592 269 1633 a
288 1579 469 1634 transeunte
489 1572 690 1633 inundatione
712 1580 852 1649 aeterna,
888 1572 960 1633 nihil
983 1574 1076 1635 sentit

146 1664 175 1716 et
195 1653 286 1731 bibit,
311 1656 367 1715 nisi
390 1664 547 1717 aeternam
568 1672 713 1736 poenam,
736 1655 790 1715 sed
812 1674 874 1715 non
888 1664 1000 1735 manet,
1021 1658 1075 1719 ite-

145 1758 210 1799 mm
236 1740 321 1800 enim
343 1740 462 1801 transit.
499 1738 594 1819 lgitur
615 1740 639 1798 si
663 1738 835 1799 viventibus
853 1738 1002 1821 contingit
1022 1740 1076 1801 illa

146 1822 314 1883 inferorum
337 1840 458 1901 poena,
481 1820 597 1896 idest,
630 1820 831 1882 intolerabilis
854 1821 904 1881 ille
926 1840 1023 1902 pavor
1045 1830 1076 1883 et

147 1904 393 1981 inconsolabilis,
420 1903 516 1964 multo
538 1904 637 1983 magis
656 1904 825 1965 animarum
847 1905 877 1963 in
898 1906 1075 1985 purgatorio

149 1986 270 2049 videtur
294 1986 364 2047 talis
385 2004 455 2046 esse
482 2004 600 2066 poena,
631 1986 685 2047 sed
714 1988 868 2048 contiuua.
922 1986 998 2064 Ειῑ)
1030 1994 1077 2049 est

150 2072 227 2151 ignis
260 2069 313 2131 ille
333 2070 472 2129 internus
493 2069 589 2131 multo
619 2070 765 2138 atrocior.
798 2086 890 2150 quam
921 2078 1075 2131 externus.

150 2153 242 2229 Quod
264 2154 291 2213 si
313 2154 380 2232 quis
401 2154 461 2213 ista
482 2171 544 2213 non
569 2149 675 2230 credit,
697 2171 757 2214 nou
777 2151 998 2227 contendimus,
1022 2154 1076 2214 sed

150 2237 180 2298 id
200 2242 322 2297 tantum
345 2235 511 2313 efficimus,
544 2235 627 2315 qnod
653 2235 696 2296 illi
725 2237 882 2297 veniarum
905 2254 1074 2318 praecones

152 2319 248 2380 multa
270 2318 395 2394 dicunt,
418 2336 497 2398 quae
519 2318 567 2378 vel
588 2319 732 2399 ignorant
754 2318 800 2379 vel
817 2317 963 2397 dubitant,
987 2319 1075 2380 nimis

153 2402 305 2464 audacter.
355 2402 454 2481 Magis
486 2401 566 2461 enim
594 2399 779 2462 credendum
807 2409 854 2461 est
882 2403 1016 2482 expertis
1044 2403 1075 2462 in

153 2485 207 2564 his,
231 2503 323 2566 quam
344 2484 404 2544 illis
426 2484 603 2564 inexpertis.

234 2567 331 2628 Sexto
351 2565 391 2627 ad
412 2566 444 2626 id
465 2566 539 2626 iacit
559 2566 707 2628 autoritas
730 2565 896 2644 ecclesiae,
925 2583 1005 2648 quae
1028 2585 1076 2628 ca·
1166 2561 1176 2580 '

156 2653 206 2729 nit,
227 2650 322 2711 libera
342 2668 396 2710 eas
417 2648 456 2710 de
477 2667 531 2710 ore
552 2649 666 2726 leonis,
689 2667 728 2708 ne
750 2647 915 2710 absorbeat
938 2668 991 2711 sas
1014 2657 1073 2711 tar-

155 2740 251 2811 tarus,
282 2734 356 2793 item
379 2752 398 2793 a
418 2739 507 2812 ports
527 2733 624 2794 interi.
668 2731 786 2808 Quibus
808 2731 908 2792 verbis
930 2739 1012 2793 certe
1034 2733 1076 2792 ri·

158 2816 240 2878 detur
260 2814 435 2896 significari,
457 2833 526 2875 esse
548 2816 667 2876 animas
689 2815 773 2874 velut
794 2815 853 2876 ism
876 2816 1024 2895 inportu,
1046 2821 1077 2876 et

157 2900 275 2960 introitu
304 2898 528 2978 damnationis,
565 2904 595 2958 et
622 2897 709 2958 initio
738 2897 862 2976 inferni,
894 2897 976 2978 quod
1014 2897 1077 2958 dixi

158 3001 249 3062 prope
270 2981 516 3062 desperationem
538 2999 617 3058 esse,
639 2999 698 3042 nec
720 2999 800 3044 vana
823 2999 891 3040 esse
914 2980 1007 3042 verba
1029 3000 1076 3041 eo·

161 3065 265 3126 ctesias
288 3064 390 3127 credo.

447 3259 664 3327 Conclusio
692 3261 784 3324 XVI.

239 3391 385 3453 Videntur
401 3391 545 3470 internus,
568 3391 789 3472 purgatorium,
811 3389 930 3451 coelum
947 3387 1076 3467 differre,

167 3475 236 3536 sicut
256 3474 440 3556 desperatio,
458 3491 556 3556 prope
571 3473 755 3554 desperatio,
767 3473 913 3534 securitas
926 3469 1076 3534 differunt.
1100 3531 1110 3554 ,

240 3556 270 3619 si
302 3559 370 3642 quis
403 3555 480 3618 duas
507 3555 727 3640 praecedentes
751 3555 966 3617 conclusiones
988 3573 1076 3616 veras

218 3812 243 3868 lt
262 3811 292 3863 In
311 3809 355 3867 cd.
375 3811 434 3865 Jen.
455 3813 612 3880 appositum
631 3815 685 3864 est:
706 3809 759 3863 hic.
