2600 4300
366 320 404 378 ad
419 323 493 380 ssiat
511 323 539 381 Β.
559 323 628 382 silv.
648 326 798 385 Priaristis,
1010 319 1052 390 17

131 508 188 550 non
211 509 253 550 ex
273 490 322 552 his
344 492 468 556 abunde
489 495 679 559 oonlutstum
701 498 762 558 iarn
784 497 838 574 sit,
864 494 918 556 sed
940 489 1052 575 spodts

131 592 196 632 mes
216 573 310 634 latius
332 581 434 637 tesurn
455 597 556 658 agam.

208 655 363 730 Quoniam
402 659 442 720 sd
483 663 728 741 propositionem
766 680 866 722 meam
911 666 1050 740 quartam

131 738 214 816 diois,
247 738 422 802 doctrinam
442 742 524 804 hans
544 763 614 806 esse
635 745 754 823 falsam,
775 743 997 824 impossibilem
1020 749 1052 804 et

131 840 299 900 erroneam,
321 825 383 884 nisi
403 844 507 905 poena
527 828 715 909 intelligatur
729 845 785 908 pro
802 828 955 888 exteriore
973 845 1052 888 mor·

130 902 296 966 tilieatione
316 926 375 986 pro
395 907 466 970 loeo
489 917 521 970 et
549 918 705 990 tempore,
742 912 816 972 satis
843 911 903 970 iam
936 909 1050 970 dietum

131 999 182 1065 est,
193 989 382 1050 exteriorem
394 992 618 1070 poenitentiam
626 1013 696 1056 esse
709 992 823 1056 debere
835 991 990 1054 assiduam
1002 991 1050 1068 *),

131 1078 159 1130 st
177 1070 205 1129 si
230 1069 300 1130 fieri
319 1091 394 1134 -non
426 1081 530 1153 potest
557 1077 661 1155 quoad
689 1084 776 1138 aetus
800 1076 1051 1156 poenitentiaea

130 1161 157 1212 te
182 1152 378 1233 intellectos,
413 1155 480 1218 fieri
516 1167 619 1220 autern
658 1167 762 1239 potest
794 1158 896 1238 quoad
923 1163 1011 1218 aetus
1032 1177 1052 1218 a

131 1235 249 1296 Christo
272 1236 394 1316 doctos,
415 1239 449 1299 id
470 1248 532 1319 est,
556 1260 633 1319 quos
656 1242 789 1304 eoelesia
811 1242 965 1302 remittere
988 1258 1051 1300 non

131 1319 241 1398 possit3
267 1318 301 1379 hi
330 1329 401 1382 sunt
427 1326 588 1386 renovatio
615 1328 727 1386 mentis
755 1325 795 1386 de
824 1317 874 1384 dle
907 1325 938 1384 in
961 1323 1051 1384 diem.

130 1401 209 1462 Vera
229 1421 307 1482 ergo
329 1423 386 1483 pro
409 1415 461 1466 tua
481 1408 629 1484 opinione
652 1408 745 1486 diois,
775 1405 829 1468 sed
851 1425 915 1468 non
936 1405 1049 1486 probas

131 1503 227 1544 meam
249 1488 438 1548 sententiam
459 1487 568 1550 falsam
591 1497 623 1552 et
642 1489 873 1571 impossibilem.
911 1557 914 1562 ,

207 1566 290 1627 lllud
324 1589 398 1632 vero
425 1589 489 1632 nou
503 1591 644 1652 possum
678 1573 827 1651 tolerare,
859 1570 942 1650 quod
964 1569 1051 1648 dieis,

131 1651 296 1729 improprie
316 1670 337 1712 a
357 1671 408 1714 me
429 1653 490 1714 diei
511 1654 616 1716 odium
638 1659 705 1734 sui,
738 1663 884 1735 quantum
917 1653 957 1714 ad
980 1672 1051 1714 vere

92 1745 96 1770 '
132 1735 325 1812 poenitentes
354 1737 474 1798 attinet.
525 1737 636 1800 Nullus
669 1739 750 1800 enim
785 1738 919 1800 imbutus
952 1737 1052 1816 gretie

132 1815 247 1894 diviua,
263 1818 390 1896 inquis,
412 1819 478 1880 odit
498 1839 548 1895 se,
570 1822 650 1882 siout
670 1841 729 1882 neo
748 1821 937 1901 proximum,
960 1838 1051 1898 quern

133 1898 287 1959 adinstar
309 1901 356 1960 sui
378 1901 486 1982 diligit.
527 1903 641 1965 Libens
663 1905 823 1984 permitte,
846 1909 879 1964 ut
901 1921 969 1964 eum
992 1901 1051 1962 tuis

133 1981 167 2042 de
185 1980 261 2042 odio
284 1984 333 2042 sui
353 1986 565 2063 propriissime
585 1987 739 2070 loquaris,
769 1985 862 2047 modo
890 1985 1051 2066 permittes

134 2063 209 2143 mihi,
232 2071 268 2124 ut
279 2083 351 2124 oum
365 2065 501 2128 Domino
518 2068 590 2130 lesu
602 2065 723 2132 Christo
746 2069 912 2151 improprie
932 2067 1049 2146 loquar,

134 2146 251 2227 quando
274 2146 439 2225 disit**):
473 2150 532 2226 Qui
564 2154 630 2215 odit
657 2155 791 2215 animam
821 2170 911 2215 suam
938 2152 971 2211 in
992 2152 1052 2211 hoe

134 2230 259 2310 mundo,
280 2232 313 2291 in
336 2233 430 2293 vitam
451 2244 610 2297 aeternam
631 2236 767 2299 eustodit
799 2254 877 2300 eam.
919 2234 960 2295 Et
981 2253 1050 2293 eum

134 2314 283 2393 Apostolo
306 2315 397 2376 Rom.
420 2320 476 2381 15:
511 2317 582 2379 Non
617 2318 765 2381 debemus
795 2318 885 2381 nobis
917 2316 1050 2397 plaeere.

134 2396 168 2455 [tt
185 2398 316 2457 iterum:
338 2397 410 2459 Non
432 2401 538 2479 quise
558 2403 658 2481 ipsum
682 2398 961 2477 commendatius
981 2417 1051 2479 pro·

134 2479 215 2543 batus
237 2486 296 2541 est.
339 2480 386 2539 Tu
406 2502 481 2544 vero
516 2503 585 2545 oum
607 2484 811 2565 persuadeas,
845 2484 1051 2563 vererpoeni·

134 2570 227 2622 tentes
259 2582 332 2623 sese
363 2563 507 2645 diligere,
541 2570 718 2629 necessario
755 2566 925 2645 consedes,
959 2572 992 2627 ut
1021 2572 1053 2625 et

135 2644 349 2706 sommendent
377 2666 447 2708 sese
473 2656 618 2729 tanquam
640 2670 714 2713 vere
736 2649 917 2731 diligibiles,
940 2648 1050 2727 bonos,

134 2729 240 2805 iustos,
278 2730 453 2809 sapientes,
488 2740 521 2793 et
553 2734 599 2794 sio
619 2734 678 2797 sibi
701 2734 862 2814 placeant,
895 2731 926 2791 id
948 2738 1049 2791 autem

136 2810 203 2871 nihil
225 2810 310 2871 alind
333 2820 397 2892 est,
426 2833 517 2893 quarn
539 2835 608 2877 eum
632 2817 797 2879 Phariseeo
824 2812 979 2877 horrenda
1003 2832 1051 2873 au·

135 2892 234 2972 perbis
254 2913 320 2954 non
343 2897 513 2976 poenitere,
536 2898 592 2961 sed
612 2900 739 2961 irridere
754 2900 864 2961 Deum.
898 2896 949 2959 Sis
971 2898 1051 2957 enirn

135 2974 247 3037 docetis
269 2977 411 3041 infeliees
433 2979 612 3062 discipulos,
633 2982 811 3044 scholastioi
833 2980 981 3061 theologi,
1003 2998 1050 3039 su·

135 3059 250 3138 perbire
271 3061 392 3122 scilieet
412 3069 444 3123 et
465 3066 575 3143 perire,
597 3065 654 3127 sed
676 3066 827 3127 latiorest
841 3065 900 3123 ista
914 3062 1051 3139 materie,

135 3160 222 3219 quem
241 3162 325 3203 nuno
345 3146 480 3224 potiatur
500 3150 659 3229 negotium
671 3155 812 3214 trastme.
854 3146 947 3207 Error
969 3145 1049 3207 enim

135 3232 163 3284 et
180 3226 358 3305 ignorantia
386 3228 559 3291 dilectionis
581 3232 676 3313 longe
706 3231 829 3311 lateque
861 3230 951 3289 nimis
984 3247 1050 3309 per·

135 3308 235 3385 suasit,
257 3308 416 3372 doctiores
438 3314 582 3377 maxime.

94 3415 96 3500 p
211 3390 281 3471 Ego
294 3392 339 3453 sie
353 3396 452 3475 sapio,
473 3396 558 3475 quod
576 3396 672 3459 homo
688 3394 880 3481 Christianus
903 3394 1050 3472 seipsum

94 3511 95 3526 2
136 3490 195 3534 non
214 3472 337 3555 diligat,
359 3478 418 3539 nisi
439 3479 472 3539 in
487 3478 572 3559 Deo,
594 3481 625 3539 in
658 3498 692 3541 ss
712 3479 781 3559 ipso
803 3496 877 3541 vero
906 3495 969 3537 non
992 3476 1050 3537 nisi

94 3569 95 3588 ¹
139 3554 225 3634 odiat,
245 3557 307 3617 hoe
327 3566 385 3636 est,
407 3560 500 3641 quod,
524 3581 594 3623 sum
614 3564 682 3643 ipse
696 3562 737 3623 sit
749 3560 883 3635 mendax
901 3566 1050 3638 etvenus,

94 3637 95 3650 ¹
139 3637 214 3699 Deus
230 3645 334 3700 autem
357 3663 462 3723 verax,
483 3644 560 3706 nihil
582 3665 699 3747 eornm,
722 3663 801 3725 quae
822 3643 985 3723 ipaeoupit
998 3648 1051 3702 aut

206 3800 235 3866 ⁸)
250 3800 382 3854 Exterim
400 3801 571 3869 poenitentis
589 3796 710 3852 assidua.
748 3796 798 3867 ⁸¹⁸)
818 3795 910 3849 llatth.
931 3793 973 3849 16.

166 3890 729 3945 mopp.v.n.adrstnnttp‚votu
823 3890 842 3953 2
