2600 4300
225 284 308 365 3176
492 297 688 371 mutim·
707 298 813 373 ΜΨ
834 296 914 368 Laut.

245 470 407 548 vestigium
437 469 547 549 prioris
590 468 688 547 Adue.
728 469 816 533 Haeo
843 475 946 533 autem
965 473 1103 532 vetustosv
1123 477 1168 527 eat

244 572 339 627 error,
360 554 627 634 eoncupiscentia,
649 554 713 629 ira,
735 553 840 630 timor,
862 571 950 633 spes,
985 548 1167 631 desperatio,

244 636 327 705 malo
348 636 527 711 oosoieutia5
539 635 647 697 horror
669 636 774 697 mortis
797 645 855 697 eto,
887 634 973 695 Haeo
995 634 1075 695 enim
1098 642 1168 693 suut

242 719 355 779 veteris
367 727 398 778 et
414 716 545 793 earnalis
557 717 702 795 hominis,
723 718 897 782 minuuntur
914 722 1016 780 autem
1038 716 1069 777 iu
1086 734 1168 777 novo

242 800 383 877 homine,
410 800 466 861 sed
492 818 552 860 non
582 802 831 881 exstinguuntur,
855 800 955 861 donee
976 800 1095 879 etipse
1118 818 1170 857 ex-

241 884 414 963 stinguatur
435 902 490 963 per
512 890 652 960 mortam,
675 885 753 943 siout
772 882 1060 964 aitApoatoiua*):
1084 880 1170 941 Lieet

242 966 279 1044 is,
301 967 353 1045 qui
374 962 447 1025 foris
468 973 525 1044 est,
549 971 653 1026 noster
674 966 767 1027 homo
789 972 1009 1045 corrumpatur,
1031 964 1095 1045 ille,
1119 964 1171 1043 qui

242 1050 406 1125 intonent,
434 1056 537 1111 tamen
557 1055 723 1110 renovetur
758 1048 795 1110 de
818 1048 866 1109 die
887 1049 917 1109 iu
942 1046 1030 1111 diem.
1074 1046 1172 1125 Igitur

242 1133 302 1193 ista
323 1130 405 1191 mala
424 1130 618 1209 reliquiorum
632 1132 793 1194 vetustatis
807 1151 861 1211 per
874 1130 1081 1209 indulgentias
1107 1147 1169 1189 non

243 1213 405 1289 tolluntur,
434 1233 491 1273 neo
513 1233 568 1292 per
589 1222 732 1293 coeptam
754 1214 986 1289 contritionem,
1019 1212 1074 1273 sed
1098 1212 1172 1271 inei·

242 1298 330 1377 piunt
349 1296 425 1374 tolli,
445 1315 484 1355 ao
504 1296 694 1375 proficiendo
717 1298 814 1376 magis
836 1315 874 1357 ao
895 1296 992 1375 magis
1011 1294 1170 1355 toiiuntur.

237 1378 329 1446 Basa
351 1386 398 1440 eat
419 1379 536 1439 sanitas
551 1380 685 1459 spiritus,
708 1378 782 1439 nihil
794 1378 886 1457 aliud,
909 1396 1002 1457 quam
1018 1376 1098 1437 fides
1115 1396 1171 1437 seu

244 1463 356 1526 uarius
378 1462 409 1521 iu
432 1461 563 1524 Christo.

324 1544 387 1605 lato
416 1545 460 1603 sio
484 1545 590 1623 'posito
609 1551 694 1623 petet
716 1544 874 1607 conclusio
898 1544 987 1620 satis,
1020 1542 1115 1621 quia,
1149 1543 1175 1601 si

242 1627 395 1706 quispiam
417 1626 506 1687 tuerit
527 1634 772 1707 praeoccupatus
796 1634 903 1705 morte,
925 1626 1107 1705 priusquam
1133 1624 1173 1685 sit

241 1709 397 1790 perfectae
420 1710 563 1785 ueritatis,
586 1727 666 1787 queo
687 1711 827 1772 timorem
849 1709 959 1789 pellat,
988 1708 1173 1767 necessario

242 1811 312 1856 oum
346 1793 456 1856 timore
483 1800 515 1851 et
542 1791 669 1854 horrore
691 1792 832 1870 moritur,
861 1790 960 1854 doueo
989 1788 1174 1869 perficiatur

242 1875 369 1952 naritus,
400 1883 432 1935 et
458 1874 540 1935 forus
563 1876 662 1934 mittat
683 1875 821 1945 timorem
843 1875 936 1937 illum.
984 1872 1043 1933 Hie
1065 1880 1176 1933 autem

242 1960 333 2020 timot
361 1965 410 2018 est
437 1959 507 2035 ipss
535 1958 724 2019 oonseientia
746 1958 827 2019 mala
848 1965 878 2019 et
899 1954 1017 2035 trepida
1038 1962 1177 2036 proptor

241 2040 393 2104 deieotum
425 2038 513 2118 fidei,
540 2039 624 2108 uuila
655 2048 701 2101 est
722 2042 802 2101 euim
823 2038 1024 2101 formidolosa
1046 2040 1175 2099 oonaoi·

243 2125 339 2206 entia,
369 2123 426 2183 nisi
453 2141 534 2202 quae
555 2121 616 2182 fide
637 2124 687 2184 vel
709 2143 807 2184 vanua
835 2122 886 2185 vel
907 2120 1088 2202 imperfecta
1113 2129 1177 2184 est.

243 2207 294 2269 sie
323 2207 404 2266 euim
425 2212 458 2266 et
475 2205 647 2285 Apostolus
676 2207 798 2288 ait**):
842 2206 1026 2286 Sanguinem
1052 2205 1173 2266 Christi

230 2289 372 2350 'liberare
403 2289 608 2350 conscientian
638 2297 760 2350 nostras
788 2288 826 2349 ab
860 2287 1003 2369 operibus
1026 2289 1174 2348 mortuis.

242 2371 283 2432 Et
308 2371 416 2433 iterum
448 2370 517 2432 Ebu,
549 2372 604 2433 10:
637 2371 765 2452 Aspersi
794 2371 889 2432 eorda
922 2392 941 2432 a
973 2371 1176 2432 conscientia

242 2454 325 2518 mata
346 2456 377 2516 in
396 2453 587 2534 plenitudiue
607 2452 689 2520 odei.
1064 2517 1068 2524 ,

263 2577 267 2587 .
325 2537 477 2614 Breviter,
503 2537 529 2597 ui
550 2554 678 2620 possum
700 2537 848 2617 probate,
875 2536 957 2616 quod
978 2553 1076 2601 oauau
1102 2533 1175 2597 hor-

241 2622 319 2680 roris
340 2628 372 2680 et
393 2619 510 2682 timoris
531 2623 571 2679 sit
592 2617 775 2700 diffidentia,
796 2639 915 2684 rursum
937 2638 1031 2702 nausa
1053 2621 1176 2680 securi-

242 2704 314 2765 tatis
334 2704 375 2766 sit
394 2702 481 2780 fides,
503 2702 596 2779 unedo
618 2703 707 2767 sinui
728 2702 891 2783 probatum
903 2707 981 2780 ease,
1003 2700 1091 2780 quod
1108 2721 1176 2762 mo·

240 2786 380 2850 aiensin
398 2784 459 2848 titio
486 2785 664 2864 importante
687 2787 861 2849 uooeaaario
891 2787 977 2850 timet
999 2795 1029 2844 et
1051 2783 1175 2848 horret.

241 2868 302 2930 oso
324 2867 521 2930 diffidentiam
544 2887 613 2928 osse
629 2888 754 2934 oausam
778 2871 911 2948 terroris,
929 2867 1175 2948 desperationis,

242 2951 484 3013 damnationiain
492 2952 653 3030 evangelio
660 2954 782 3032 saepius
798 2953 917 3032 legitur.
943 2951 1079 3012 Primum
1091 2949 1173 3027 *²¹¹*J

218 3035 365 3114 fouendo
377 3033 485 3096 Petrus
497 3034 664 3096 Dominum
681 3054 745 3096 ase
756 3036 844 3100 iussit
860 3037 954 3110 exiro,
976 3035 1049 3112 quia
1067 3032 1175 3097 homo

240 3123 485 3198 psoeutomgo
527 3135 609 3193 sum,
652 3119 758 3196 iuquit.
805 3117 1010 3196 Secundam,
1037 3117 1176 3196 quando

240 3201 345 3281 eoepit
365 3201 463 3273 margi
485 3207 612 3281 propter
632 3202 785 3264 modioam
806 3221 894 3266 ¹ausuum
906 3201 1008 3263 iidem.
1050 3199 1175 3277 Tertio,

178 3329 182 3335 -
240 3283 365 3362 quando
387 3281 529 3361 diseiouii
549 3301 626 3362 pree.
644 3283 816 3346 turbatione
840 3284 1000 3346 voluerunt
1019 3282 1175 3356 clamare,

241 3366 298 3428 ubi
320 3365 472 3448 Christum
506 3384 599 3444 anper
630 3385 724 3426 mare·
740 3367 956 3432 ambulantem.
980 3365 1176 3446 phantasma

240 3449 416 3528 putabant..
438 3446 642 3530 Quanto††)‚
664 3451 789 3527 quaudo
812 3451 922 3514 turbati
946 3448 1175 3515 existimabant

234 3533 433 3608 ,suspiritum
454 3530 568 3607 videre,
590 3550 659 3592 oum
681 3532 868 3616 iutrauotfud
887 3551 941 3596 eos
962 3531 1062 3596 ianuis
1085 3531 1175 3592 uian-

297 3711 328 3777 *)
348 3713 375 3764 2.
395 3713 501 3768 Comi.
535 3714 700 3780 ”murae
720 3715 745 3770 9.
773 3715 925 3770 Ebrue.10·
958 3713 1023 3779 m)
1036 3715 1132 3776 Lucae
1147 3717 1174 3769 5.

241 3776 707 3852 †)1⁸ith.·14.1·††)12uoeev24.
818 3821 830 3848 ,ι
898 3842 902 3850 ,
