2600 4300
323 333 396 404 apud
414 331 498 391 (laad.
517 331 545 385 S.
563 330 633 385 arnt
653 332 733 385 auu.
752 331 828 385 Pout.
849 328 913 409 Lag.
1003 324 1063 393 39?

143 504 239 567 etesia
260 504 358 584 prius,
378 501 499 583 siquid
520 498 726 566 damnandum
749 504 805 577 est,
827 499 945 573 eteius
967 504 999 562 tu
1019 500 1062 563 iu-

141 585 257 647 dicium
281 605 424 667 sequere,
450 604 513 650 non
541 584 596 654 dlu
622 590 707 649 tuum
734 589 879 663 aequatur
908 580 1063 661 indicium,

142 675 237 749 atque
259 670 305 731 ita
324 671 424 735 victus
445 668 532 732 cedo.
1116 726 1124 737 .

193 772 196 775 ⁴
225 752 343 816 Valeat
360 751 743 833 itaqueroverendisaimu
756 749 925 829 paternitas
946 755 1009 830 tna,
1031 751 1062 811 iu

142 835 269 897 Christo
291 835 367 900 mibi
389 832 679 899 observandissime.

178 916 229 977 Ex
258 917 405 981 Carmeia
433 918 635 1000 Augusteusi,
664 916 715 975 die
741 914 772 979 S.
795 915 894 979 Lucae
923 914 1022 979 Evan-

437 1003 567 1084 geliatae
588 997 786 1063 lt.D.XVlll.

224 1084 517 1148 Reverendissimae
536 1083 728 1165 paternitatis
749 1088 819 1146 tuac

313 1168 434 1231 deditus
456 1167 536 1230 tilius

403 1251 437 1316 F.
457 1251 605 1314 blandana
626 1248 788 1311 lantbertus
810 1246 1064 1328 Augustinianus.

226 1458 483 1579 Appellatio
510 1458 559 1555 D.
588 1454 770 1556 lartiui
798 1454 996 1560 Lutheri

140 1661 243 1738 primu
275 1680 294 1719 a
316 1660 463 1726 Caietano
486 1658 525 1719 ad
545 1658 660 1739 Papam
681 1658 762 1719 facta
783 1656 951 1737 Augustae,
972 1657 1064 1719 Auno

336 1741 540 1805 MMVIH.
562 1740 669 1805 Mense
691 1739 817 1803 Octobri
842 1740 880 1816 ¹).

225 1892 414 1965 innomine
442 1892 576 1955 Domini.
599 1893 709 1953 Amen.
752 1892 843 1953 Anno
867 1910 886 1951 a
908 1892 1066 1953 nativitate

142 1974 285 2036 eiusdem
307 1974 505 2039 mnxvlll.
527 1973 696 2037 indictione
711 1972 760 2035 VI.
785 1972 835 2035 die
848 1992 922 2035 vero
935 1973 1065 2051 sabbati,

142 2058 222 2121 XVl.
255 2061 370 2121 mensis
397 2058 571 2139 Octobris,
597 2048 792 2141 pontificatus
823 2056 1005 2117 sanctissimi
1033 2058 1063 2117 in

143 2140 267 2204 Christo
291 2143 387 2224 patris
408 2147 440 2204 et
461 2140 576 2204 domini
598 2140 717 2218 nostri,
740 2138 855 2202 domini
877 2138 999 2218 Leonis,
1022 2138 1064 2202 di·

144 2226 217 2286 vina
239 2225 436 2308 providentia
457 2244 557 2306 papae
573 2223 621 2306 X„
642 2242 725 2284 anno
748 2223 797 2284 Vl.
841 2223 874 2286 ln
897 2223 956 2284 mci
978 2231 1063 2285 nota·

143 2310 178 2368 rii
201 2307 321 2388 publici
342 2310 525 2387 testiumque
547 2307 624 2368 infra
640 2307 831 2388 scriptorum,
854 2305 894 2368 ad
915 2305 976 2366 hoo
998 2325 1065 2388 spe-

144 2392 263 2455 cialiter
277 2398 457 2452 vocatorum
481 2391 512 2454 et
522 2396 698 2470 rogatorum
710 2391 899 2480 praesentia,
920 2407 1064 2470 persona-

143 2475 213 2534 liter
227 2475 414 2536 constitutus
431 2473 703 2536 reverendissimus
716 2480 812 2553 pater,
834 2471 975 2534 dominus
988 2471 1065 2534 Mar·
1149 2505 1156 2528 .

145 2559 226 2617 tinus
234 2557 396 2618 lutherius
410 2555 657 2638 Augustinensis,
678 2574 784 2616 sacrae
805 2555 981 2636 theologiae
996 2573 1064 2636 pro·
1090 2548 1097 2585 ·‘

144 2641 265 2719 sessor,
290 2639 488 2720 eiusdemque
507 2641 538 2700 in
561 2638 830 2720 Vuittenbcrgensi
851 2639 951 2700 studio
973 2638 1066 2700 Bran-

146 2721 372 2806 denburgensis
392 2721 546 2784 diocoesia
563 2721 661 2785 lector
687 2719 856 2782 ordinarius
878 2721 1065 2804 principalis,

147 2805 361 2888 principaliter
379 2825 437 2888 pro
459 2825 493 2867 se
516 2806 585 2886 ipso
595 2811 703 2866 tenens
714 2812 745 2866 et
754 2803 870 2868 babens
883 2805 914 2866 in
926 2803 1065 2868 manibus

147 2891 210 2948 suis
233 2889 389 2968 quandam
409 2889 639 2970 prosecutionis
663 2893 694 2948 et
713 2886 929 2968 appellationis
957 2891 1066 2972 papyri

148 2971 340 3051 schedulam,
360 2973 446 3033 iuxta
467 2971 552 3034 ouius
572 2971 791 3034 continentiam
809 2977 841 3032 at
861 2977 1000 3036 tenorem
1022 2989 1065 3052 se,

148 3063 181 3116 ut
201 3057 358 3134 asseruit,
383 3073 403 3116 a
432 3054 563 3134 quadam
585 3053 820 3134 commissione,
847 3073 866 3114 a
894 3053 1064 3136 praelibato

148 3138 345 3199 sanctissimo
368 3137 492 3200 domino
509 3143 616 3198 nostro
630 3157 713 3218 papa
724 3155 788 3198 non
801 3137 879 3198 bene
900 3137 1064 3206 informato

149 3219 188 3280 ad
211 3219 358 3281 eiusdem·
371 3221 577 3301 procuratoris
604 3219 718 3282 fiscalia
739 3221 915 3282 instantiam
944 3221 1065 3302 signati,

150 3322 186 3364 ac
206 3303 379 3384 praetensis
399 3302 549 3364 iudicibus
571 3309 602 3364 et
622 3303 838 3382 citationibus,
866 3321 903 3364 uc
924 3299 1064 3365 omnibus

150 3396 181 3448 ot
201 3385 331 3468 singulis
353 3385 425 3446 inde
446 3388 579 3464 secutis,
601 3387 769 3465 secuturis,
792 3404 849 3448 nec
870 3403 931 3446 non
953 3403 1064 3464 aquo·

151 3467 226 3530 libet
247 3471 425 3549 gravamine
446 3469 547 3530 futuro
568 3470 650 3530 velle
671 3469 748 3530 dixit
767 3486 937 3549 provocpre
962 3476 993 3529 et
1013 3487 1065 3550 ap·

152 3551 279 3632 pellere,
299 3570 390 3632 quam
411 3553 443 3612 iu
463 3552 597 3614 medium
618 3553 764 3630 exhibuit,
785 3569 823 3612 ac
843 3552 875 3612 in
897 3553 1065 3620 continenti

153 3635 238 3694 iuxta
259 3633 395 3718 eiusdem
416 3636 634 3700 continentiam
657 3635 697 3700 ud
718 3633 918 3718 praelibatum
941 3635 1065 3698 sanctis·

207 3823 241 3887 1)
261 3821 311 3874 liic
329 3821 424 3876 titulus
442 3838 499 3876 non
517 3822 618 3906 legitur
636 3824 665 3879 in
684 3821 748 3879 odlt.
768 3822 854 3889 princ.
