2600 4300
395 326 431 379 de
449 326 1068 397 nrtmoiudatgemiamm.199

896 426 906 457 0

151 490 200 554 ned
220 495 379 556 remittens
401 501 567 555 oneratae
587 496 626 556 ad
652 495 890 557 eutichetionem
918 516 975 576 pro
1003 497 1067 575 illa,

151 581 179 634 et
197 574 276 638 hoen
296 587 344 639 eat
365 576 506 640 absurda

226 659 301 737 Alii,
321 660 406 739 quod
418 668 555 757 prosunt
577 660 616 721 ad
630 662 842 723 remissionem
857 662 1065 741 poenitentiae

149 741 338 822 negligenter
364 744 507 805 ominane.
550 744 639 804 liene
661 744 770 805 Pauor.
802 744 953 805 demunt
982 744 1065 821 dinit,

150 824 235 902 quod
252 827 314 887 iate
328 833 511 888 ‘remunerat
531 826 757 907 negligentiam.
787 826 847 887 Sed
869 846 939 889 meo
954 827 1067 889 iudioio

150 907 224 988 lineo
245 929 309 969 non
332 910 459 969 omnino
481 916 528 969 eat
551 908 655 987 talen,
677 910 749 988 quin
781 928 855 971 vere
874 912 1066 971 remittuntur

148 1008 267 1069 poenue
280 1010 493 1071 quaeeunque,
514 994 606 1053 etiem
620 992 811 1071 negligenter
823 994 965 1067 omissae,
980 994 1064 1055 dun·

149 1072 239 1133 modo
262 1074 425 1155 diaplieeut
446 1074 645 1154 negligentia,
674 1077 740 1135 imo
760 1076 952 1137 remittuntur
972 1077 1064 1137 etiam

148 1174 207 1217 non
229 1158 423 1239 negligenter
444 1159 578 1219 omieane
598 1165 691 1236 atque
718 1158 818 1219 adhno
847 1158 1062 1239 per-finiendae.

106 1316 110 1325 Ι
229 1240 307 1319 Alii,
336 1240 419 1319 quod
448 1242 572 1301 vnleent
603 1240 643 1301 ed
670 1241 890 1303 relaxationem
911 1243 1066 1303 iniunctae

148 1325 371 1401 poenitentioe,
394 1324 560 1385 dummodo
582 1324 744 1391 eanerdoe,
767 1326 818 1403 qni
840 1326 970 1385 iniunxit
991 1343 1089 1407 pon,

149 1406 317 1483 nitentium,
337 1408 501 1487 permittet,
523 1416 556 1466 nt
578 1408 676 1485 poenit
697 1414 886 1482 eommutare
907 1409 1064 1487 poeniten·

150 1489 220 1549 tium
243 1508 312 1550 eum
335 1489 575 1551 remissionibus.
618 1490 659 1549 Ει
686 1490 766 1551 heeo
796 1498 843 1551 eet
875 1490 973 1570 probo
998 1509 1065 1551 sen·

150 1572 242 1633 tentio
263 1580 295 1632 et
315 1575 440 1633 veroin
462 1592 507 1651 re,
525 1574 584 1633 nini
605 1572 689 1651 qnod
710 1573 865 1653 restringit
879 1579 1064 1654 potestaten

151 1654 331 1715 nontereatiu
364 1656 579 1735 indulgentiae.
634 1656 747 1715 Verum
776 1664 824 1715 eet
850 1657 947 1734 enin,
981 1656 1064 1735 quod

149 1738 297 1799 iniunotae
318 1740 524 1819 poenitentiae
546 1738 701 1817 reluxerit,
730 1738 784 1799 aed
814 1757 876 1799 non
905 1740 1065 1819 requiritur

152 1838 318 1881 nonaenaue
338 1822 415 1900 eine,
436 1824 487 1901 qui
504 1822 643 1881 iniunxit.

229 1902 335 1983 Sexte,
356 1922 448 1983 quem
469 1905 550 1965 ultra
569 1906 645 1965 intes
667 1904 802 1983 quinque
816 1905 846 1963 in
860 1903 964 1985 glonna
978 1924 1065 1985 prae·

154 1984 230 2047 diotn
249 1988 368 2066 positae
389 1987 498 2049 Penor
521 1986 661 2064 addueit,
692 1986 773 2065 quod
795 1994 940 2066 preeunt,
974 1994 1066 2067 prout

154 2078 259 2129 nonunt
282 2068 391 2145 verbu,
421 2076 452 2130 et
472 2069 576 2150 quood
596 2070 712 2145 Deum,
745 2075 776 2129 et
796 2068 939 2147 quoad1)
963 2088 1068 2151 poeni»

155 2155 286 2228 tentiam
309 2153 360 2213 hie
380 2155 558 2232 iniunotem,
580 2160 609 2212 et
631 2153 712 2212 hane
734 2152 807 2212 dinit
828 2155 923 2214 teneri
944 2172 964 2214 ιι
985 2152 1066 2216 (ton.

154 2234 288 2297 Hoetlo.
301 2235 406 2307 An.²).
429 2236 558 2299 Ilthunn
578 2255 638 2315 ego
661 2253 785 2314 quoqne
805 2241 907 2308 teneo,
930 2244 963 2296 ut
983 2237 1067 2296 iaeet

155 2326 184 2378 et
201 2325 291 2378 sonet
310 2321 342 2378 in
364 2317 473 2380 verbis.
518 2318 579 2379 Sed
610 2337 673 2378 non
701 2336 814 2396 sequor
834 2318 1064 2398 intelligentium

157 2401 296 2478 omnium,
307 2403 444 2462 maxime
455 2409 581 2482 propter
594 2400 675 2460 istud
687 2399 823 2476 verbnm,
841 2401 943 2480 quoad
955 2401 1065 2478 Deum,

157 2503 207 2562 per
224 2482 306 2562 quod
329 2485 356 2543 ai
378 2484 549 2564 intelligunt
574 2486 667 2544 etium
688 2502 806 2563 poenes
834 2485 941 2545 olleo
970 2485 1066 2564 impo-

156 2567 222 2626 nitoa
243 2568 365 2644 remitti,
387 2568 454 2627 aive
474 2568 525 2626 hio
545 2568 611 2626 aive
632 2568 664 2626 in
686 2567 875 2646 purgatorio,
898 2567 976 2627 ultra
994 2585 1066 2648 pne·

158 2650 290 2710 nitemina
311 2649 351 2710 ab
374 2651 504 2710 eoeleaia
527 2650 576 2710 vel
601 2649 773 2710 onnonibnn
804 2650 972 2726 ininnotnr,
1003 2667 1065 2710 nou

159 2731 240 2792 oredo
262 2751 379 2807 varum,
401 2734 459 2792 niai
480 2732 538 2792 aub
554 2733 607 2792 teli
621 2731 842 2810 moderatione,
864 2733 935 2810 quie
945 2749 1066 2811 poenae

159 2816 317 2894 purgatorii
349 2818 541 2876 remittuntur
570 2817 637 2875 eine
664 2819 818 2894 potestate
848 2815 980 2876 ninnium
1010 2833 1066 2895 per

159 2897 246 2958 rotem
280 2899 504 2960 enutritionem
546 2897 620 2959 Ideo
654 2898 680 2957 ai
714 2898 781 2976 quin
817 2897 951 2977 periente
978 2898 1067 2958 luerit
1123 2951 1132 2959 .

161 2981 307 3052 onntritun,
330 2980 424 3041 oredo
446 2981 528 3061 quod
541 2981 589 3057 ait,
610 2979 714 3059 quood
726 2979 835 3057 Deum,
857 2981 1065 3060 apurgaton'o

162 3061 317 3124 ιιιιιιιιιιιιι.
368 3063 478 3138 Quoad
511 3083 630 3145 poenae
659 3070 760 3124 eutem
794 3063 882 3122 liniue
910 3064 1066 3143 temporit,

163 3144 238 3217 dieo,
265 3145 399 3224 quodid
421 3148 535 3208 nullam
556 3145 651 3207 habet
672 3147 881 3221 autoritatem,
914 3154 947 3206 ut
973 3164 1066 3225 eupru

129 3223 227 3286 'rutis
248 3228 361 3288 dietum
383 3239 432 3290 eet
452 3229 579 3292 Conelu.
600 3234 629 3293 t)
669 3229 738 3290 Non
760 3235 807 3288 eet
828 3230 907 3289 enim
929 3229 1066 3288 nomina·

168 3308 225 3370 bilin
243 3311 295 3372 illu
314 3330 426 3391 poene,
448 3334 529 3394 quae
549 3311 652 3391 quood
665 3311 764 3372 Deum
786 3313 895 3372 remitti
918 3310 1067 3370 eradatur.

235 3393 308 3455 ldeo
330 3413 390 3474 ego
413 3397 558 3471 dieerem,
579 3395 663 3474 quod
684 3394 768 3470 illud,
790 3393 891 3490 quoad
914 3391 1065 3469 Deum³)‚

170 3474 245 3536 debet
263 3476 389 3560 intelligi
410 3499 472 3542 non
496 3480 535 3541 de
554 3479 664 3558 poenit
687 3497 706 3537 n
726 3479 793 3538 Deo
815 3476 983 3556 imponitis,
1011 3473 1065 3536 aed

496 3615 556 3622 ...-

229 3672 256 3736 t)
275 3671 357 3726 ibide
385 3677 413 3723 et
431 3674 505 3741 quod
532 3673 567 3725 ad
602 3675 691 3727 Deum
722 3677 749 3726 et
777 3687 832 3741 quo
859 3673 1065 3740 poenitentiam

172 3740 231 3864 2)er
232 3758 252 3867 θιι
245 3742 419 3868 1111ξιιιιιιιοιιιι
437 3745 585 3813 Hoatienri,
602 3747 665 3800 Joh.
677 3745 795 3798 Andren.
833 3743 865 3811 3)
889 3743 971 3799 ibid:
992 3743 1065 3814 qnod
