2600 4300
395 308 432 365 us
449 311 550 365 eree
566 308 811 381 emanantem.
1009 307 1072 382 tou

150 477 905 641 curtetur...
926 482 1070 641 tttu
1172 455 1178 473 “

133 620 252 704 'eutem
274 644 364 706 dicit:
399 583 518 709 uagos
538 584 745 728 indrflgentiss
768 648 905 709 omnium
927 656 1071 729 peccetu-

147 746 231 805 rum,
261 726 302 789 de
329 728 438 808 quibus
475 731 598 791 contriti
625 737 658 791 et
678 730 812 791 confessi
843 730 970 811 fuerint,
998 738 1071 793 tuuc

148 826 212 869 non
232 811 427 873 remittuntur
448 810 544 875 oblito
567 812 618 873 vel
643 813 797 893 ignorate.
841 812 983 888 Quando
995 833 1069 875 vero

149 891 236 952 dicit:
257 892 376 955 Demus
390 895 605 957 remissionem
618 896 754 957 omnium
768 903 976 975 peecatorum,
998 904 1071 959 tune

148 975 295 1055 evoluret,
317 977 343 1035 ei
365 984 544 1039 moreretur.
587 978 629 1038 lut
648 979 694 1039 sio
714 979 747 1039 in
768 997 860 1041 manu
890 998 991 1060 pupae
1013 987 1069 1058 eet,
1147 1012 1151 1020 ·

148 1076 225 1137 quos
245 1058 334 1119 volet
354 1060 484 1124 solvere.
509 1060 537 1121 0
557 1061 650 1122 furor.
692 1060 772 1121 Vide
799 1063 1068 1142 pronunciatorem

146 1140 242 1218 huno,
269 1160 363 1221 quem
385 1162 493 1205 secure
506 1145 616 1205 eeeerit
638 1143 691 1223 ¹),
713 1162 751 1205 sc
772 1144 798 1203 si
820 1145 976 1207 oraculum
1001 1144 1070 1207 ede·

146 1230 201 1286 ret
223 1224 282 1285 Oui
304 1226 331 1285 si
352 1224 496 1303 dicerem,
517 1226 648 1287 obsecro
673 1232 712 1306 te,
734 1226 816 1287 unde
830 1227 969 1307 probabo
983 1227 1071 1307 hceo,

147 1306 281 1368 sifnero
310 1308 412 1368 iussus
439 1310 590 1371 rationem
618 1308 748 1371 reddere
775 1309 865 1371 huius
890 1309 984 1371 fidei?
1011 1310 1069 1373 ior·
1141 1384 1146 1390 ,

147 1396 229 1449 tusse
251 1408 337 1451 nove
357 1390 419 1452 elio
439 1390 536 1472 finget
556 1391 735 1468 mendacio,
757 1392 867 1472 quibus
889 1393 943 1455 ilic
965 1394 1069 1473 priore

147 1478 261 1533 stetuut
289 1492 404 1553 mogun
430 1474 608 1536 maioribus.
644 1474 786 1537 Infelices
809 1474 994 1554 Christiani,
1017 1477 1068 1557 qui

147 1562 299 1635 coguntur
319 1557 425 1617 omnis
444 1556 569 1635 audire,
591 1577 794 1637 quaecunque
816 1558 939 1621 tendem
961 1558 1068 1639 nuguri

149 1638 236 1699 libuit
256 1639 456 1719 ineptissimis
476 1640 667 1721 hominibus,
695 1660 733 1703 co
754 1642 779 1703 si
801 1661 863 1709 non
886 1640 1072 1705 haberemus

147 1722 244 1801 ipssm
267 1723 465 1803 scripturum,
487 1740 579 1801 quom
600 1724 808 1805 praecipiente
830 1723 952 1785 Christo
972 1743 1069 1805 popu·

147 1803 209 1863 lum
229 1804 430 1883 doceremus,
450 1812 482 1866 et
503 1806 593 1867 tritici
614 1825 799 1885 mensuram,
822 1822 895 1867 non·
907 1806 1068 1887 lupperum

149 1896 179 1948 et
198 1887 380 1949 tribulorum
399 1888 494 1949 osdos
514 1888 576 1949 illis
598 1888 808 1951 tribueremus.

227 1970 310 2032 inter
330 1978 436 2033 cetere
457 1977 610 2051 portento,
631 1990 712 2051 quoe
727 1971 778 2033 bic
795 1972 993 2033 suavissimus
1015 1991 1067 2035 eu-

149 2062 195 2114 tor
216 2052 318 2134 tingit,
339 2054 372 2115 id
394 2072 518 2133 quoque
539 2054 629 2115 nobie
650 2054 745 2115 sudet
764 2054 961 2133 persuadere,
982 2053 1066 2134 quod

148 2156 288 2281 teti
304 2138 1065 2300 tttt,⁸t.tt¹tt⁰tttttttttt'ttttt

150 2301 227 2380 quod
246 2311 322 2382 post
342 2321 466 2364 omnem
487 2303 673 2364 solutionem
697 2322 797 2384 pepee
824 2305 943 2364 cunetis
970 2301 1066 2364 tideli-

150 2384 202 2445 bus
226 2393 324 2447 restet
352 2385 456 2447 dicere
477 2384 527 2462 U:
580 2385 703 2448 Delicta
730 2387 797 2466 quie
825 2385 993 2466 intelligit?
1025 2385 1065 2448 sb

151 2468 272 2530 occultis
293 2470 372 2530 meis
393 2467 507 2528 munde
527 2487 597 2545 me,
624 2469 766 2532 Domine.
805 2469 846 2530 Et
867 2469 950 2549 quod
973 2469 1065 2530 etiem

150 2549 226 2611 bone
247 2571 346 2632 opere
368 2557 477 2612 nostre
498 2550 705 2632 cumJob**)
730 2553 828 2614 vereri
851 2557 1004 2632 oportent,
1025 2570 1066 2612 ne

151 2634 341 2695 invenientur
366 2633 448 2714 epud
469 2634 570 2701 Deum
601 2633 755 2696 horrende
786 2641 924 2715 peccato.
966 2633 1010 2696 At
1030 2631 1062 2706 ²)

152 2715 238 2776 oleris
264 2717 418 2778 ecclesiae
444 2716 527 2778 bonu
561 2737 677 2796 opere,
704 2719 730 2778 si
759 2718 821 2778 siut
850 2716 933 2778 mele
959 2735 1064 2778 curem

152 2798 209 2860 Deo
237 2819 358 2879 neone,
386 2801 500 2877 nescit,
528 2818 587 2860 neo
607 2799 738 2878 iudicet,
765 2799 862 2862 multo
893 2800 992 2860 minus
1019 2818 1065 2860 re·

153 2883 265 2944 mittit.

218 2965 380 3043 Secundo,
414 2965 555 3046 procedit
580 2965 646 3026 eius
674 2966 827 3026 somnium
849 2985 889 3026 ex
908 2959 1065 3026 laborioso

153 3047 198 3108 iiic
217 3055 249 3110 ct
268 3048 457 3110 inustione
469 3047 648 3126 confitendi,
668 3048 730 3108 imo
741 3046 924 3128 desperandi
946 3053 978 3108 et
998 3066 1064 3127 per·

154 3130 236 3192 dendi
263 3133 398 3209 enimus,
427 3151 489 3210 que
514 3131 672 3210 bucusque
700 3129 783 3192 docti
812 3150 917 3192 sumus
938 3148 1063 3190 stenem

154 3232 314 3290 numerere,
335 3214 440 3292 idest,
456 3213 579 3294 singule
596 3220 727 3293 peoocte
738 3213 900 3288 discutere,
917 3211 1064 3292 colligere

155 3303 235 3375 utque
255 3295 442 3376 ponderare,
464 3296 505 3356 sd
525 3295 700 3358 faciendam
723 3297 948 3359 contritionem.
971 3290 1062 3366 Quod

156 3397 214 3438 cum
234 3380 406 3456 fecerimus,
428 3378 464 3439 tit
478 3377 700 3440 utrefricernus
721 3379 772 3440 vel
794 3363 1063 3456 concupiscentiis
1190 3437 1196 3462 ι

157 3461 199 3521 vel
216 3461 286 3522 odie
296 3462 531 3542 proeteritorum
554 3462 712 3539 memorie,
736 3469 768 3522 et
788 3461 860 3522 dum
878 3457 1064 3519 conterimur

157 3541 190 3604 ⁴³0
207 3545 385 3624 Ρῐῦθῑθῐῑῆῡ,
405 3563 489 3605 1¹0ve
501 3562 676 3625 peccemus.
700 3545 763 3606 Aut
783 3549 866 3606 certe
886 3542 913 3602 si
933 3538 988 3604 fiat
1009 3557 1062 3618 op-

217 3744 243 3812 1)
260 3745 291 3797 ln
309 3744 354 3800 ed.
372 3744 450 3799 iem:
477 3749 594 3798 asseret
629 3745 663 3813 2)
683 3743 767 3798 luto:
787 3745 835 3796 An.

218 3816 247 3884 *)
265 3817 335 3870 Post
355 3815 399 3871 19.
444 3815 493 3882 ⁸')
512 3815 575 3870 Job.
594 3815 620 3870 9.

182 3916 739 3972 mueropp.v.useror.uuttp.vot1u
843 3915 882 3975 14
