2600 4300
542 328 693 384 nemu.
1018 322 1080 392 433

158 492 289 557 lenimus
318 497 512 563 communiri
551 497 599 563 bt.
614 503 648 558 nt
668 493 859 558 effiesniores
882 501 1001 573 essent,
1033 513 1081 556 ro·

158 577 304 721 ammos
330 577 492 640 Notarium
519 579 675 660 publium
697 579 776 640 inire
796 580 942 658 seriptum
984 583 1017 638 ut
1043 576 1081 639 de

213 660 305 722 nibus
327 669 358 722 et
378 663 506 743 singulis
517 664 713 743 praescriptis
731 661 887 742 publieum
901 662 1081 724 instrumen-

158 751 224 803 tum
248 762 305 804 aen
318 744 442 824 publiea
461 747 664 808 instrumenta
675 745 840 808 contineret
857 753 888 806 et
899 741 1079 823 publicaret.

173 863 177 868 ι
244 825 439 901 Quocirca
470 847 530 908 ogs
555 829 662 892 Petrus
694 828 845 890 Antonius
878 827 988 888 Berrus
1011 825 1081 888 Per·
1135 843 1138 852 '

158 911 285 988 mensis,
301 909 446 973 Notarius
460 931 555 992 supro
565 920 597 972 et
612 912 691 972 inira
703 913 844 991 scriptus,
866 909 981 970 Literes
996 929 1081 990 pree·

156 991 240 1054 fatas
262 1011 333 1054 oum
356 1013 409 1072 es,
442 1013 504 1074 qus
526 995 643 1071 denuit,
666 995 838 1056 reverentis
869 991 909 1056 ad
937 1013 986 1052 me
1006 993 1081 1054 reei-

158 1076 267 1155 piens‚
296 1095 360 1138 unu
390 1097 459 1138 oum
488 1079 569 1140 inira
588 1079 709 1158 seriptis
731 1075 858 1138 testibus
891 1075 930 1136 od
963 1073 1082 1137 haene

158 1177 209 1218 me
232 1160 410 1240 specialiter
429 1162 548 1222 voeatis
570 1168 602 1222 et
621 1161 738 1242 rogetis
761 1160 839 1236 vidi,
865 1158 944 1238 legi,
966 1167 996 1218 et
1018 1157 1081 1220 dili·

156 1248 269 1322 genter
290 1244 422 1323 inspexi,
445 1244 556 1323 quibus
576 1245 650 1304 visis
674 1252 704 1304 et
717 1243 858 1323 perlectis
880 1241 1010 1302 vidimus
1026 1260 1080 1302 seu

157 1335 413 1406 transsumptum,
425 1340 518 1406 etque
530 1326 697 1388 earundem
711 1327 864 1386 literarum
887 1333 1080 1404 praesentem

158 1409 284 1487 sopiam
307 1427 376 1470 nom
398 1409 474 1490 ipsis
495 1410 693 1489 originalibus
707 1407 938 1490 diligentissime
959 1426 1014 1488 per
1032 1425 1081 1468 me

158 1491 366 1562 auscultatam
388 1491 418 1552 in
451 1494 593 1556 omnibus
621 1503 653 1554 et
685 1512 740 1574 psr
767 1493 870 1554 omnia
892 1489 1082 1552 oonoordere

157 1575 274 1637 inveni.
311 1575 386 1636 ldso
419 1583 657 1656 trsnssomptnm
685 1575 858 1638 huiusmodi
880 1575 946 1634 sive
979 1582 1080 1634 sotum

158 1656 373 1718 authenticum
399 1658 431 1718 in
458 1658 540 1720 bene
560 1659 714 1739 publicem
737 1659 866 1720 tormen
888 1656 927 1718 ad
953 1656 1082 1737 praeisti

92 1791 99 1806 ,
158 1741 407 1802 reverendissimi
442 1741 566 1802 Domini
607 1743 730 1804 Domini
776 1740 945 1802 Gurdinalis
976 1740 1082 1820 Legati

158 1823 339 1886 instantiam
362 1831 393 1884 et
413 1826 640 1904 requisitionem
663 1825 784 1906 redegi,
806 1825 956 1904 signoque
977 1831 1009 1884 et
1029 1841 1082 1886 no·

159 1907 244 1966 mine
266 1908 343 1968 meis
365 1907 463 1968 solitis
494 1913 527 1969 et
558 1909 714 1970 consuetis
737 1909 872 1987 signori,
907 1915 940 1966 ut
965 1905 1081 1967 eisdem
1107 1935 1111 1948 ·

161 1995 312 2068 tanquam
333 1989 440 2052 Literis
461 1991 662 2070 originalibus
684 1990 810 2052 ubilibet
835 1991 866 2049 in
888 1989 964 2050 loeis
987 1989 1081 2050 omni·

160 2071 219 2133 bns
241 2083 276 2133 et
295 2073 433 2153 singulis,
454 2073 564 2154 quibus
579 2082 786 2156 opportunum
809 2073 908 2151 fuerit,
931 2070 1007 2132 tides
1030 2071 1081 2132 ed·

158 2156 302 2219 bibentur
323 2158 461 2237 plenaria
482 2167 511 2219 et
525 2158 664 2219 adbiberi
685 2159 792 2238 possit,
815 2176 852 2219 ss
874 2163 1080 2237 transsumpto

159 2239 337 2306 huiusmodi
360 2242 391 2301 in
412 2259 599 2320 quoeunque
616 2242 685 2303 toro
716 2242 781 2301 sive
808 2240 921 2301 iudidio
943 2247 974 2299 et
995 2247 1082 2301 extre

160 2330 276 2398 stetur,
310 2342 349 2383 ae
375 2325 402 2384 si
433 2326 598 2405 originales
624 2326 712 2405 ipsse
739 2324 858 2385 Literee
890 2322 1081 2402 spostolioae

160 2412 358 2489 opponerent,
389 2406 486 2487 Super
504 2409 615 2487 quibos
634 2407 776 2469 omnibus
799 2414 830 2467 ot
850 2405 977 2486 singulis
999 2406 1079 2488 idem

160 2489 434 2554 reverendissimus
459 2491 610 2552 Dominus
643 2492 795 2553 Dominus
824 2488 994 2551 Cardinalia
1027 2487 1080 2549 Le·

160 2581 251 2653 gatus
275 2593 294 2631 a
316 2592 366 2633 me
388 2572 515 2634 Noterio
535 2573 659 2653 publiea
681 2574 759 2635 inire
779 2573 894 2653 seripto
916 2591 1009 2631 uuum
1033 2570 1081 2631 vel

161 2656 250 2735 plura
271 2655 425 2736 publicum
449 2674 503 2716 seu
525 2655 772 2736 publiseoonlini
793 2656 880 2736 petiit
901 2656 1081 2715 instrumen-

161 2745 224 2798 tum
248 2756 305 2799 seu
326 2740 537 2800 instrumente.

243 2821 327 2881 Aeta
346 2822 467 2883 luerunt
487 2821 564 2883 haee
576 2822 607 2880 in
619 2820 704 2881 Lintn
718 2820 833 2902 oppido
856 2819 1080 2881 Arohiduoetus

161 2905 315 2982 Austriae,
337 2905 368 2965 in
387 2904 517 2965 (lamera
539 2903 668 2984 praelati
690 2904 934 2965 reverendissimi
955 2902 1079 2965 Domini

159 2988 285 3048 Domini
321 2986 492 3047 cardinalis
524 2987 631 3067 Legati
668 2988 726 3047 sita
771 2988 802 3047 in
830 2988 1019 3049 monasterio
1048 2984 1079 3049 Β.

159 3070 316 3131 Francisni
336 3070 505 3151 proedicto,
518 3070 813 3148 Anumjndintione,
829 3070 888 3149 die,
911 3088 1026 3148 mense,
1049 3074 1079 3129 et

159 3153 355 3231 Pontificatu,
379 3152 489 3233 quibus
511 3172 613 3235 supra.
656 3152 871 3214 Praesentibus
893 3152 1004 3213 ibidem
1027 3170 1081 3213 no·

160 3238 272 3299 bilibus
305 3238 376 3305 visis
411 3237 552 3297 Dominis
580 3234 738 3297 Hilarione
762 3236 872 3299 Ursino
903 3235 998 3297 nobili
1019 3234 1079 3295 Ro-

161 3340 264 3398 mano,
286 3320 378 3381 Petro
400 3320 507 3381 Flavio
525 3319 698 3399 Aquilone,
722 3338 759 3381 eo
779 3319 921 3381 iohanne
944 3318 1079 3398 Cespere

161 3402 343 3464 Gereoniolo
365 3402 589 3484 Neapolitano,
624 3403 752 3467 testibus
776 3402 816 3462 nd
837 3402 1007 3482 praemisse
1026 3418 1078 3462 vo·

160 3487 236 3547 satis
259 3485 435 3567 specialiter
456 3494 548 3565 atque
571 3486 696 3566 rogatis.

372 3568 413 3629 Et
434 3568 502 3649 Ego
522 3569 714 3649 supradictus
723 3567 833 3627 Petrus
846 3567 999 3629 Antonius
1010 3566 1081 3628 Ber-

329 3671 380 3711 rus
389 3652 571 3729 Parmensis,
588 3651 726 3731 publicus
737 3649 1080 3727 spostolioseutoritete

327 3734 484 3803 Notarius,
515 3754 553 3795 ao
579 3735 609 3794 in
632 3731 765 3793 Arehivo
789 3730 947 3791 Romanae
969 3732 1079 3793 Curius

330 3817 517 3898 descriptus,
552 3817 624 3895 quia
653 3814 799 3875 diotarum
827 3812 1077 3893 Apostolicorum

185 3952 282 3993 nense
295 3922 349 4002 step.
362 3951 389 3994 v.
402 3952 430 3993 s,
444 3950 474 3991 ea
486 3950 527 3992 rer.
540 3950 591 3991 une
604 3950 619 3989 r.
632 3958 656 3998 p.
669 3947 718 3991 von
731 3946 761 3987 11.
893 3944 935 4011 23

964 4052 981 4087 0
