2600 4300
360 308 408 376 nt
425 316 493 370 mu
512 307 627 372 usur.
647 315 800 372 ιιιιιιιιιι.
1013 290 1053 379 ιι

140 483 246 544 mltate
267 491 301 544 et
320 484 507 547 sufficienter
527 485 730 582 porrexerint
773 483 858 546 Haeo
882 485 963 546 enini
985 505 1005 546 a
1027 492 1057 546 te

141 567 274 626 dicemur
296 573 444 647 tanquam
465 567 599 645 lubrico,
628 568 683 651 qui
705 573 825 648 tempus
848 568 998 664 redimas,
1026 577 1056 632 st

140 649 247 710 exitum
281 668 431 729 quaeres,
467 651 540 712 nihil
569 653 649 712 enim
680 657 751 712 sunt
785 649 825 712 ed
853 652 1055 747 propositum.

140 733 216 811 iirgo
245 751 311 794 non
341 741 388 794 est
415 753 525 813 censs,
561 733 675 801 multo
692 734 792 794 minus
825 735 925 814 prims
953 752 1058 796 cenae.

140 813 218 891 nus,
239 814 327 893 quod
350 815 505 897 suffragia,
526 818 552 876 si
574 826 778 896 nonprosunt
798 817 859 876 iem
879 816 1056 900 redemptis,

140 906 284 977 prosunt
313 907 416 961 temen
444 899 631 988 aliis.qu
662 917 724 960 non
755 898 974 979 quaerebatur,
1003 899 1057 960 sed

139 981 183 1040 tric
206 988 255 1042 est
281 982 400 1062 nodus,
434 1002 474 1044 an
505 964 675 1044 omittenda
701 983 763 1042 sint
790 981 892 1044 officie
921 983 1058 1044 nomine·

131 1064 186 1147 ¹tim
206 1082 264 1144 pro
291 1027 453 1126 animabus
480 1063 602 1145 oblate,
637 1085 677 1124 en
709 1066 835 1128 nomina
862 1083 967 1126 sorum
995 1083 1057 1128 uon

140 1148 348 1226 pronunciari,
380 1166 443 1210 non
472 1148 503 1208 iu
535 1147 725 1210 cretionibus
754 1150 915 1210 memorari
937 1155 1059 1229 oporte·

140 1227 186 1289 ιιι
224 1228 290 1290 Hic
309 1230 481 1311 responde,
510 1231 608 1310 quod,
637 1232 663 1290 si
686 1231 856 1292 omittenda
878 1239 963 1310 sunt,
995 1249 1059 1292 om·

139 1314 181 1372 nis
201 1300 332 1374 devotio
353 1314 437 1394 vulgi
459 1313 596 1393 deliciet,
626 1321 658 1374 et
680 1313 857 1376 sacerdotes
883 1315 965 1374 ieme
987 1331 1058 1376 uon·

141 1395 287 1473 dcisntur,
308 1398 367 1456 nisi
388 1396 466 1458 forte
487 1396 578 1460 dicis:
619 1395 700 1471 Quid
721 1396 761 1456 ad
784 1397 953 1475 Romanos,
975 1396 1058 1476 quod

96 1494 97 1513 ³
141 1477 284 1540 (iermeni
307 1479 518 1540 moriunturi·

213 1560 269 1622 Ad
291 1564 411 1624 tertiam
432 1563 542 1624 iterum
564 1561 651 1639 dicis,
674 1581 735 1624 non
759 1580 828 1622 esse
849 1580 974 1624 causam
999 1562 1057 1622 sui-

141 1643 306 1724 dcientem,
335 1647 385 1706 cui
412 1664 530 1706 rursum
553 1645 720 1742 opponitur
742 1645 869 1721 ceritas,
898 1652 931 1706 ιιι
958 1663 1059 1725 supra,

142 1734 168 1794 et
185 1735 351 1807 permanet
371 1730 527 1807 quaestio,
555 1729 613 1788 nisi
633 1728 763 1790 velimus
784 1727 867 1788 nuda
887 1729 982 1788 verbe
1003 1727 1059 1790 Sit-

144 1812 229 1869 rsstri
246 1830 311 1890 pro
333 1811 466 1872 oraculis
487 1811 612 1872 hebere.

216 1891 271 1954 Ad
292 1902 433 1973 quartam
455 1893 527 1954 mihi
549 1912 606 1974 pro
626 1893 734 1973 regule
761 1863 855 1954 tradis
885 1894 997 1954 sectum
1028 1899 1060 1954 et

144 1975 252 2036 ιιιιιιιιι
274 1977 429 2038 ecciesiae
448 1976 618 2038 Romenw

216 2059 423 2140 Respondeo:
466 2059 498 2121 Si
525 2059 564 2120 de
592 2046 712 2126 virtueii
742 2066 773 2120 et
799 2060 1060 2140 repraesentativa
1154 2117 1158 2132 ,

97 2185 98 2188 ,
145 2149 191 2203 ιιι
210 2143 347 2205 ecclesie
368 2143 512 2224 loqueris,
533 2142 607 2205 noio
629 2154 713 2205 tuem
734 2141 887 2224 regulam,
912 2143 983 2223 quie
1008 2146 1060 2217 (ut

146 2226 334 2307 supradixi)
359 2245 448 2291 exc.
471 2225 672 2307 significasti,
703 2225 773 2287 telis
802 2226 931 2287 ecelesia
956 2234 1060 2307 potest
1139 2224 1150 2233 “

145 2328 246 2370 errare
290 2309 479 2371 Universaiis
500 2317 602 2371 autern
632 2309 766 2371 ecclesie
792 2326 855 2369 non
883 2316 987 2389 potest
1013 2328 1057 2369 er·

145 2410 219 2471 rare,
247 2396 281 2453 ut
310 2387 488 2453 deotissime
518 2394 611 2453 etiem
639 2392 752 2473 probat
781 2390 871 2453 Oerd
893 2390 1033 2453 (ieme.¹
1025 2412 1055 2453 ιιι

146 2476 234 2553 primo
251 2475 327 2539 Seu
340 2475 470 2554 Deinde,
491 2494 550 2537 nec
571 2494 654 2555 pape
678 2492 806 2554 usquam
828 2474 889 2535 hoc
911 2475 984 2537 dicit
1005 2485 1058 2535 aut

146 2556 222 2634 iacit,
249 2558 336 2637 quod
373 2565 405 2618 tu
435 2559 548 2620 sactum
577 2565 609 2619 et
637 2558 751 2619 dictum
782 2557 931 2617 ecciesiae
951 2576 1057 2619 vocas.

145 2638 332 2722 Pmmptuius
355 2660 388 2702 es
410 2642 630 2721 aequivocator
650 2641 740 2701 huius
762 2641 893 2703 nominis
905 2639 1057 2721 Ecclesia,

146 2722 206 2785 ideo
226 2726 363 2791 maxime
384 2724 457 2785 mihi
482 2730 654 2805 suspectus.

217 2807 268 2869 Ad
302 2809 440 2887 quintam
468 2807 559 2887 diois,
590 2806 642 2867 ubi
670 2806 782 2867 multae
816 2812 886 2867 sunt
921 2806 1055 2887 divitiee,

147 2890 222 2951 multi
242 2891 297 2971 qui
319 2890 486 2951 comedunt
506 2910 569 2952 eas.
605 2889 674 2950 Hoc
696 2898 752 2965 sat,
774 2888 857 2987 quod
879 2898 1056 2968 queruntur,

147 2973 219 3050 quod
243 2974 347 3035 Βοιιιιι
373 2975 493 3053 quaerit
518 2980 658 3035 saturare
686 2973 823 3053 pecuniis
852 2990 925 3032 suos
956 2990 1056 3033 eome-

147 3064 252 3151 stqres,
286 3064 318 3117 st
345 3064 444 3117 totum
474 3075 556 3137 pene
588 3055 718 3117 devorat
746 3053 862 3117 orbem.
907 3054 968 3117 Gur
994 3072 1055 3117 noa

148 3140 313 3201 minuuntur
335 3140 534 3201 comedentes
555 3137 750 3199 divitiarum?
792 3137 825 3199 ln
855 3136 917 3199 fine
948 3138 1055 3199 iterum

149 3219 214 3282 iscis
233 3242 275 3283 ex
296 3243 380 3304 papa
400 3224 617 3303 imperatorem
637 3223 669 3281 in
691 3227 845 3301 potestate
856 3228 887 3281 et
902 3220 1056 3281 violentie.

148 3302 436 3367 dediiaximilimrus
456 3304 665 3367 etGermeuia
686 3304 716 3365 id
738 3322 801 3365 non
824 3310 984 3380 noverunt,
1005 3322 1056 3365 nc·

150 3404 201 3464 que
223 3388 359 3449 credunt.
399 3388 579 3449 Fortissims
606 3395 709 3449 autem
737 3386 767 3447 id
797 3394 912 3467 negent
937 3386 1056 3447 Turoae

150 3477 174 3529 et
190 3470 314 3534 Tartari.
356 3471 481 3533 Frustra
501 3490 625 3551 quoquc
657 3469 888 3531 celeberrimum
918 3468 992 3529 illud
1025 3476 1056 3531 st

151 3570 298 3617 commune
319 3554 446 3633 bouum,
469 3554 552 3634 quod
573 3560 635 3631 est,
657 3552 775 3633 lapides
798 3559 828 3613 et
851 3552 944 3631 ligne,
966 3551 1056 3613 nobis

151 3636 264 3700 iactitat.
315 3638 386 3699 Non
423 3639 504 3698 enim
534 3656 590 3719 per
626 3636 687 3696 hoc
718 3635 878 3697 solvuntur
906 3634 1054 3696 laicorum

152 3722 343 3796 quaestiones.

219 3802 265 3865 dd
286 3810 408 3867 sextam
430 3822 496 3864 sum
519 3800 574 3864 tibi
595 3798 818 3873 haeresiarche,
841 3800 965 3880 quando
988 3802 1052 3881 qui·

173 3918 732 3974 ιιιιιιοιιιιιιιιιιιιιιιμιοιιι
868 3920 888 3985 5
