2600 4300
270 323 277 327 ’
360 337 397 392 au
415 339 483 392 niu.
502 339 531 394 n.
550 335 618 393 sna.
638 337 787 395 errentur.
959 329 1040 462 'fd

138 525 213 584 quarn
225 507 323 584 gratia
335 509 437 567 meriti
452 509 600 587 praecise,
608 508 640 567 id
653 515 709 586 est,
726 509 835 571 melius
847 508 901 568 tibi
913 507 1042 586 videtur,
1084 557 1086 563 ,

137 589 254 648 uthomo
271 607 333 649 uno
355 590 439 651 bono
455 609 550 670 opere
566 598 598 650 st
620 593 728 653 merito
751 591 843 652 faciat
864 609 898 650 se
912 607 1042 655 vacuum

136 673 222 731 multis
234 671 322 731 bonis
339 672 497 752 operibus3
520 693 681 734 erroneum
692 675 753 734 hoe
771 681 803 735 et
822 675 950 760 impium
962 686 1041 748 esse,

134 773 197 833 pace
209 761 272 831 tua,
288 755 393 816 credo.
414 755 543 836 Semper
563 764 595 816 tu
610 756 643 816 id
656 759 787 836 conaris,
811 766 844 817 ut
858 759 1043 818 vsuiaanon

135 838 337 918 permissiones
360 846 392 898 et
411 839 555 899 licentiae
569 839 732 918 quaedam,
757 840 812 900 sed
833 841 1040 922 perfectiones

135 939 190 980 esse
214 919 387 982 videantur.
431 922 497 983 Scis
524 929 641 1001 auitam,
678 923 761 1004 quod
791 923 914 982 licentia
941 923 1041 982 omnis

134 1002 232 1061 nuliam
254 1002 351 1064 hebet
372 1005 505 1082 laudem,
528 1023 587 1064 nec
601 1007 843 1086 exhortationes,
865 1007 932 1084 nisi,
956 1004 1040 1084 quod

134 1105 184 1146 non
203 1088 368 1165 peccatum
389 1094 453 1166 est,
476 1094 507 1147 et
527 1088 734 1164 infirmorum,
762 1090 865 1168 potius
886 1089 1043 1168 pigrorum

133 1169 270 1229 solatium.
301 1170 368 1230 lmo
391 1178 425 1230 ιιι
443 1171 496 1230 illc
519 1171 678 1231 verissime
700 1172 792 1231 dixit:
821 1171 959 1232 Licentia
980 1189 1043 1231 om·
1102 1215 1106 1226 ,

133 1271 177 1311 nes
195 1251 366 1313 deteriores
385 1273 505 1330 sumus,
533 1255 577 1313 ita
604 1255 636 1313 in
659 1255 772 1332 veniiS,
803 1253 959 1332 quomodo
989 1269 1043 1332 po-

132 1344 181 1394 test
199 1336 310 1395 melior
326 1335 393 1395 fieri
415 1339 669 1416 concomitanter,
692 1343 726 1396 nt
743 1337 783 1396 du
807 1337 891 1412 dicis,
914 1337 965 1414 qui
987 1355 1043 1415 per

133 1435 174 1477 eas
194 1425 238 1477 tot
260 1421 379 1478 meritis
401 1417 437 1478 fit
456 1420 579 1480 minor?
601 1427 633 1480 et
647 1420 747 1480 solum
771 1420 954 1499 permittitur
975 1435 1043 1478 csse

132 1501 259 1577 deterior,
283 1509 318 1560 tu
336 1508 439 1561 autern
461 1510 492 1561 et
513 1502 644 1562 suadere
665 1505 711 1563 vis
734 1510 767 1561 ut
788 1503 828 1562 sit
849 1502 991 1562 deterior.

199 1583 260 1644 Sed
283 1583 445 1644 videamus
466 1593 569 1645 tantan
597 1586 813 1664 probationem
842 1591 941 1663 tuam,
973 1585 1045 1662 quia

131 1666 175 1741 ibi,
202 1667 323 1744 inquis,
359 1668 478 1726 scilicet
504 1670 535 1726 in
558 1687 654 1747 opere
676 1687 732 1748 pro
756 1669 852 1728 veniis
875 1667 937 1727 duo
960 1666 1043 1727 bona

132 1756 197 1820 sunt
219 1750 342 1809 scilicet
366 1752 505 1810 meritum
530 1758 562 1810 et
592 1750 724 1812 sublatio
746 1749 961 1830 impedientis,
994 1749 1044 1808 hic

132 1851 192 1891 vero
207 1834 335 1892 unicum
358 1839 406 1892 est
426 1841 484 1892 etc.
581 1871 584 1883 ι

198 1913 406 1994 Respondeo:
440 1913 538 1989 Quam
567 1915 704 1976 studiose
727 1915 844 1976 claudis
868 1914 993 1992 oculos,
1013 1921 1045 1974 at

130 1999 154 2056 in
172 2003 280 2077 aperta
303 1999 373 2058 luce
395 2000 516 2077 quaeris
538 1999 690 2059 tenebras.
733 1999 855 2074 Fateor,
877 1997 938 2060 duo
964 1997 1045 2058 bona

131 2088 187 2139 sunt
206 2081 258 2160 ibi,
281 2080 316 2140 id
338 2088 395 2159 est,
417 2084 558 2140 meritum
582 2088 614 2142 et
631 2083 771 2142 remissio
795 2083 960 2142 multorum
982 2097 1043 2140 ms-

131 2166 258 2241 ntorum,
280 2164 367 2243 quod
389 2166 504 2228 bonum
526 2172 574 2225 est
594 2167 737 2245 pigritiae
758 2167 873 2241 carnis,
908 2173 939 2223 et
962 2162 1044 2223 dum·

132 2267 188 2306 num
210 2249 364 2327 optimum
386 2249 572 2327 optimorum
595 2248 756 2327 bonorum,
779 2255 810 2308 et
826 2246 959 2308 sublatio
982 2248 1045 2325 qui-

133 2330 189 2389 dem
207 2331 420 2409 impedientis,
442 2332 560 2391 scilicet
581 2332 621 2390 ad
644 2333 760 2411 peiora.

199 2412 363 2491 Secundo,
384 2413 445 2490 hic,
466 2414 496 2472 id
520 2421 583 2489 est,
614 2416 645 2472 in
668 2432 762 2493 opere
784 2416 850 2474 sins
872 2412 969 2473 veniis
995 2411 1044 2486 (id

133 2504 181 2574 est,
222 2502 429 2575 permanente
471 2497 697 2567 satisfactione)
736 2514 798 2559 non
838 2496 961 2555 unicum
998 2501 1046 2555 est

134 2586 248 2656 tantum,
271 2578 328 2638 sed
341 2585 398 2655 tot,
421 2586 497 2656 quot
510 2582 624 2639 suntin
639 2588 705 2639 tota
726 2578 943 2655 satisfactione,
966 2596 1045 2657 quae

133 2669 170 2720 eat
189 2664 308 2741 optima
337 2668 368 2721 et
397 2663 568 2742 meritoria,
606 2662 737 2722 sublatio
761 2662 897 2722 omnium
920 2660 1044 2740 impedi·

135 2752 294 2804 mentorum
317 2744 446 2824 gloriae.
497 2744 538 2803 nt
567 2745 638 2822 quid
675 2745 791 2805 muita?
821 2746 846 2803 si
877 2750 931 2803 tua
963 2743 1045 2803 dicta

133 2838 203 2887 recte
221 2828 431 2907 intelligeres,
453 2826 573 2886 videres
596 2826 649 2887 tibi
671 2844 741 2889 esse
762 2843 885 2887 causam
908 2842 1044 2905 assump-

133 2916 183 2968 tum
218 2909 416 2989 vituperandi
451 2909 535 2969 bona
564 2928 674 2989 opera,
710 2918 741 2970 et
769 2908 913 2969 laudandi
940 2910 1044 2969 remis·

135 2992 227 3052 aiones
250 2992 438 3067 eorundem,
471 2992 553 3071 quod
576 2992 846 3055 horrendissimum
879 2995 974 3053 estin
997 3008 1044 3051 aa·
1139 3002 1143 3006 '

134 3075 216 3135 etesia
237 3075 346 3135 audiri.
379 3074 454 3135 Ideo
468 3093 537 3134 cum
559 3074 672 3136 fiducia
689 3077 760 3136 mihi
784 3078 899 3156 sumpsi
921 3092 1044 3136 causam

134 3156 267 3218 laudandi
289 3159 372 3219 bona
397 3156 501 3237 opera,
524 3176 587 3219 non
603 3166 705 3219 tamen
723 3159 914 3239 vituperandi
929 3159 1043 3219 verrios:

135 3241 276 3302 Abstrahe
295 3242 451 3302 vocabula
471 3241 563 3309 haec,
583 3242 806 3323 indulgentias,
827 3244 949 3317 venias,
971 3237 1041 3321 at¹]

135 3324 229 3384 reficta
250 3326 400 3405 opinione
422 3344 487 3384 rem
506 3326 634 3403 intuere,
657 3336 688 3385 et
709 3325 836 3402 uidebis,
859 3334 889 3385 te
910 3342 971 3385 non
992 3323 1046 3383 bo·

135 3426 196 3465 num
217 3426 277 3468 nec
304 3409 405 3469 bonae
437 3426 550 3467 causae
571 3416 744 3487 patronum.
788 3406 869 3482 Quid
890 3408 969 3467 enim
990 3422 1045 3485 pc*

136 3495 187 3549 tast
205 3493 298 3551 etiam
318 3492 388 3570 ipsa
408 3490 541 3550 ecclesia
562 3509 602 3550 cx
623 3492 720 3551 veniis
739 3492 860 3570 facere·
872 3490 929 3550 nisi
943 3489 1045 3549 remis·
1145 3546 1159 3559 ,

136 3572 244 3635 sionem
276 3572 541 3634 satisfactionum?
575 3573 657 3649 Quid
692 3580 794 3637 autem
828 3580 932 3655 potest
959 3573 1045 3633 satis·

199 3832 228 3901 1)
252 3833 283 3887 In
301 3832 345 3889 ed.
363 3834 426 3888 Jen.
445 3832 534 3887 deest:
554 3839 590 3887 at
