2600 4300
357 314 388 378 F.
408 315 475 378 silv.
491 318 578 380 Prier.
596 318 633 378 ul
648 318 683 379 D.
702 319 736 379 ll.
758 318 836 380 Loth.
1015 317 1058 390 81

141 483 299 569 empurias
319 499 446 554 ssnclse
464 493 583 556 illibetc
593 495 752 572 sutoritss,
774 499 806 554 et
819 493 955 556 eiusdem
971 501 1056 556 reete

141 571 240 632 sellem
262 574 388 660 opinio,
424 578 451 637 ei
472 577 558 638 nulls
581 576 795 658 intelligentia.
829 577 897 638 lsm
921 584 953 639 et
973 577 1055 638 hsno

140 661 219 751 sutsn
240 666 384 744 occupet,
405 678 508 720 urcem
528 659 607 721 Zion
628 666 661 720 et
682 660 787 720 turrim
807 659 925 740 David,
951 660 1054 722 hecte-

140 756 188 797 Μ
208 741 529 904 pppppupploebpffipx‘
551 824 673 906 perdite
694 830 726 885 et
746 823 928 906 blaspheme
946 825 1056 897 Rome,

138 905 272 983 pervenit
293 905 341 966 irs
360 906 419 968 Dei
440 925 532 988 super
555 916 605 986 te,
639 909 719 968 sicut
742 909 878 968 meruisti
900 909 931 968 in
954 907 1057 988 finem,

139 992 257 1047 nectet
278 989 489 1070 cretionibus,
510 1009 590 1070 quse
610 1008 667 1070 pro
689 997 720 1050 te
742 987 834 1070 flunt,
856 991 916 1051 nisi
938 991 970 1051 in
992 991 1057 1052 dies

137 1069 216 1149 peior
235 1067 305 1131 fleri
326 1072 459 1138 voluisti.
503 1073 682 1134 curavimus
705 1073 786 1134 enim
804 1072 1007 1153 Babylonem,
1027 1081 1059 1134 et

139 1169 195 1212 non
216 1160 268 1214 est
291 1163 413 1234 sancte,
433 1155 642 1236 relinquamus
663 1173 739 1236 ergo
761 1174 840 1235 eem,
861 1163 896 1216 ut
915 1157 956 1216 sit
975 1155 1058 1218 hebi-

139 1236 209 1296 tetio
231 1235 420 1317 draconum,
441 1239 611 1316 lemurum,
633 1237 808 1314 lsrvsrum,
831 1239 1004 1316 lemiernm,
1027 1247 1058 1299 et

137 1319 216 1378 iuxte
237 1307 473 1400 nomen'sunm,
495 1321 854 1400 mnfusiosempiterna,
874 1321 966 1382 idolis
987 1339 1057 1382 svs·

139 1401 231 1477 ritise,
253 1401 392 1483 perfidis,
415 1405 574 1484 spoststis,
595 1400 761 1484 cyneedis,
782 1405 912 1484 prispis,
934 1405 1057 1466 latroni-

137 1483 196 1562 bus,
217 1483 407 1565 ffimonibus,
426 1485 595 1548 etinllnitis
608 1485 677 1547 eliis
695 1487 839 1548 monstris
852 1486 891 1548 od
902 1505 938 1548 os
955 1487 1058 1568 plenu,

137 1573 165 1626 et
182 1585 300 1627 novum
323 1569 480 1647 quoddam
500 1568 662 1630 Pantheon
683 1569 858 1649 impietatis.
900 1569 994 1649 Vale,
1016 1569 1057 1630 mi

139 1649 241 1729 lector,
263 1657 296 1711 et
317 1649 419 1716 dolori
440 1669 511 1713 meo
531 1652 671 1734 ignosce,
694 1659 726 1712 et
746 1659 934 1732 competere.

158 1985 189 2051 F.
217 1987 416 2050 silvester
443 1989 489 2049 de
519 1989 694 2050 Prierio
723 1971 982 2051 Pio'Lectori
1004 1989 1035 2051 Β.

217 2176 297 2239 Suus
319 2196 505 2257 suorumque
525 2196 634 2257 preces
660 2176 761 2259 (quod
782 2176 927 2265 videlicet
951 2184 1057 2237 nostre

141 2260 284 2339 eistols,
317 2279 397 2340 quse
425 2260 499 2320 olim
527 2279 561 2321 se
587 2262 752 2341 perituram
780 2259 966 2339 minabatur,
994 2279 1057 2320 non

176 2342 455 2418 ortiretJhlertinus
469 2340 620 2425 Luther¹)
646 2342 817 2421 exauditas,
841 2350 874 2405 et
894 2340 1055 2421 intelliget,

142 2427 212 2486 etsi
232 2425 319 2487 lubet
340 2426 455 2507 gratias
476 2424 643 2507 reddcts).
676 2426 784 2507 Neque
800 2426 882 2487 enim
902 2424 1055 2511 ebortiuit,

142 2506 191 2567 sed
225 2508 363 2589 pugilem
385 2515 417 2569 et
437 2508 596 2571 robustum
618 2517 650 2571 et
678 2508 788 2571 fortem
818 2509 910 2569 enixe
936 2514 998 2585 est,
1026 2515 1057 2567 et

142 2589 213 2651 sdeo
235 2591 379 2652 fatalibus
401 2593 493 2651 ermis
514 2591 713 2669 instructum,
740 2598 773 2655 ut
793 2596 859 2654 toto
882 2588 1055 2661 Christiano

142 2672 295 2753 populob)
320 2681 495 2755 spectante,
529 2681 562 2735 ut
582 2674 765 2755 pollicebar,
795 2675 909 2735 victum
931 2680 1056 2738 sternet.

142 2754 184 2817 Ne
202 2776 278 2818 vero
299 2764 353 2817 eut
374 2756 537 2837 insidiose,
570 2764 624 2819 eut
649 2764 779 2837 repente
811 2776 846 2817 se
873 2763 1055 2837 occupatum

142 2846 285 2919 censetur,
306 2858 460 2901 armornm
482 2860 605 2901 suorum
629 2838 761 2901 indicem
775 2840 915 2919 mittite).
947 2838 1056 2899 Accin-

142 2929 222 3001 getnr
243 2941 318 3004 ergo
340 2929 372 2983 et
389 2924 430 2983 sit
450 2923 497 2983 vir
517 2922 614 3003 fortis,
638 2924 753 3004 quippe
774 2920 993 3003 superbissimo
1010 2920 1055 2981 illi

142 3004 245 3084 serbo,
265 3024 327 3085 quo
356 3005 464 3067 crebro
493 3008 600 3067 utitur:
649 3004 770 3067 Doceat
803 3024 870 3085 me,
904 3004 1055 3084 inquiens,

143 3087 186 3165 qui
209 3094 332 3169 potest,
365 3086 506 3149 alludens
532 3088 618 3171 pugil
645 3090 705 3149 iste
731 3086 817 3149 dicit:
856 3086 1056 3167 Respondeat

144 3168 292 3248 hettinus,
315 3172 342 3231 si
362 3177 476 3251 potest.
518 3170 675 3233 Blaterere
697 3170 838 3251 equidem
859 3170 987 3251 poterit,
1009 3188 1055 3229 ss
1146 3226 1150 3231 ,

120 3252 252 3333 ,ρῐειιιει
271 3272 348 3315 vero
360 3254 549 3336 respondere
561 3273 624 3316 non
640 3254 763 3336 poterit.
797 3253 871 3315 Mox
882 3271 958 3315 vero
971 3270 1056 3313 srms
1155 3260 1159 3272 ’

143 3336 202 3413 ipss
219 3337 399 3419 perspicies.
442 3338 530 3402 Vale.
910 3354 912 3361 s

188 3527 219 3591 s)
242 3526 415 3581 Humilitstis
439 3542 524 3579 muse
548 3542 580 3581 ss
607 3528 701 3596 ipsum
723 3528 816 3579 isotct.
858 3524 887 3591 b)
916 3522 1006 3575 Etlsm
1025 3524 1054 3577 in

145 3596 212 3653 ludio
228 3604 257 3653 et
274 3598 397 3666 Scythis.
435 3599 461 3664 c)
481 3597 560 3664 Vide,
578 3603 608 3649 ut
620 3596 731 3652 heroice
747 3600 881 3667 provocet
894 3592 928 3647 sd
941 3609 1054 3662 respon·

145 3671 238 3723 sionem
257 3669 378 3723 (luorum
396 3670 532 3723 librorum
556 3684 607 3737 per
634 3658 784 3739 prhlogum
806 3667 879 3721 tertii
902 3664 981 3735 libri,
1007 3664 1054 3735 qul

145 3743 212 3795 iuxts
227 3742 305 3795 Evsn
326 3742 411 3795 elium
430 3743 536 3810 primus
556 3747 584 3793 st
601 3742 770 3795 novissimus
792 3744 842 3791 est.

189 3813 219 3878 l)
237 3812 269 3866 ln
287 3758 331 3867 eff
347 3812 424 3869 lem:
445 3812 588 3867 lutherus.

188 3908 756 3965 monumemtum-suevum.
823 3909 843 3971 6
