2600 4300
412 305 831 379 bris-mmmmm.
1017 302 1078 373 183

149 474 272 520 commo
284 456 414 524 horrare
427 465 460 527 ef
468 458 696 541 desperatione,
708 462 794 530 icato
803 459 940 544 diurn:
972 462 1078 529 Virum

150 538 300 599 iniustum
323 541 406 603 mala
427 529 603 623 capientin
625 544 763 621 interitu,
785 544 962 605 etiterum:
995 546 1078 609 More

147 628 352 703 pcccatorum
374 627 521 707 pessime,
540 626 668 703 scilicet,
690 628 845 707 quianon
869 626 982 692 habant
1003 626 1077 689 fidu-

149 704 228 768 ciam
248 706 285 765 in
305 703 386 787 Deo,
408 707 485 771 ideo·
502 708 735 789 comprehendit
754 728 809 773 eoa
831 710 885 771 ira.

230 786 413 851 Secundum
436 810 557 869 emam,
586 811 668 873 quae
688 798 760 853 eunt
785 792 846 855 fide
869 793 994 857 omniuo
1017 792 1079 872 ple·

148 889 207 931 nae
230 877 330 953 atque
350 872 508 953 perfectae
532 874 581 952 (id
610 881 659 935 eet
686 874 832 955 beatae),
861 874 918 939 hoa
949 894 1080 943 peceare

148 960 193 1014 eat
228 951 263 1013 in
297 965 400 1017 morte
432 959 534 1037 excipi
563 976 685 1022 comme
715 959 879 1019 securitate
901 961 933 1020 et
952 957 1079 1035 laetitia,

148 1036 235 1097 iuxta
257 1036 426 1120 illud*·):
469 1040 576 1104 Juetoa
597 1058 668 1102 com
690 1039 850 1119 ceciderit,
873 1059 934 1101 non
958 1039 1081 1105 collide·
1188 1110 1189 1113 Ἴ

149 1128 211 1198 tur,
231 1118 394 1187 Dominus
415 1123 496 1185 enim
518 1124 666 1204 eupponit
688 1143 810 1185 manum
833 1142 943 1201 auam3
974 1131 1004 1183 ot
1025 1124 1078 1185 ite·

148 1222 229 1263 rum:
254 1201 401 1266 Pretiosa
419 1206 453 1265 in
475 1213 643 1287 compecto
656 1206 783 1267 Domini
804 1224 887 1269 mora
903 1214 1080 1269 sanctornm

149 1286 237 1365 eiue3
272 1293 306 1345 et
333 1288 466 1351 iteruom
513 1288 620 1349 Jnatur
649 1289 677 1347 ai
706 1298 806 1353 morte
837 1296 1081 1372 praeoccupetur

148 1367 257 1444 fuerit,
286 1368 320 1429 iu
354 1369 513 1450 refrigerio
541 1372 625 1433 erit..
655 1370 697 1433 Et
730 1389 824 1439 cauea
847 1373 1003 1455 utriusque
1026 1378 1082 1448 eat,

152 1450 221 1530 quia
234 1450 371 1512 iniuatua
381 1453 589 1533 invenitquod
603 1460 712 1530 amun,
728 1460 828 1515 timuit
839 1462 941 1517 autem
959 1473 1081 1533 compar
1099 1522 1102 1531 ‚

151 1540 285 1595 mortem
309 1542 341 1595 et
351 1554 495 1615 poenam.
530 1537 638 1599 duatus
659 1543 760 1599 autem
783 1543 867 1602 ratur
888 1536 979 1599 huius
1002 1536 1083 1603 vitae

153 1616 292 1677 maxime
315 1619 432 1699 cupivit
453 1618 590 1697 diatoni,
610 1619 683 1681 ideo
706 1618 889 1681 desiderium
912 1620 977 1682 eiua
991 1619 1083 1681 tribu·

153 1706 215 1761 tum
239 1708 291 1759 eet
313 1700 352 1761 ei.
385 1700 443 1761 life
463 1721 526 1766 non
541 1702 712 1763 dimidiavit
733 1700 798 1763 dier
820 1720 904 1777 enoc,
925 1702 984 1761 iste
1005 1702 1084 1761 ultra

152 1780 326 1862 perfectum
347 1783 544 1864 prolongavit
565 1785 733 1847 incolatum
756 1803 853 1848 auum.
903 1783 977 1846 ideo
1000 1783 1082 1863 quod

154 1864 203 1925 ille
224 1862 354 1944 horret,
374 1866 433 1927 iate
454 1869 589 1947 quaerit,
618 1867 827 1929 diversissimo
848 1866 949 1929 studio
973 1866 1084 1945 affecti,

156 1946 238 2027 quod
261 1946 307 2006 ilii
329 1966 467 2011 sammua
489 1950 597 2012 horror
619 1958 677 2027 eat,
697 1949 768 2011 huic
790 1957 838 2013 eet
857 1968 1009 2011 summum
1042 1948 1084 2009 irr-

157 2049 238 2094 cmm
264 2041 298 2091 et
318 2031 475 2111 gaudium.

236 2112 376 2174 Tertium
399 2134 617 2196 eorumquae
639 2120 711 2176 aunt
731 2112 792 2176 flde
813 2114 1027 2194 imperfectae,
1054 2120 1085 2174 ct

158 2197 216 2258 hac
238 2196 346 2258 variae
366 2196 543 2262 differentes
564 2200 643 2260 inter
665 2199 787 2278 plenam
804 2205 835 2260 et
853 2197 968 2259 nuliam
982 2196 1084 2258 fidem.

161 2278 259 2340 credo
284 2285 387 2342 autem
409 2299 472 2342 noo
495 2283 601 2362 negari
624 2281 664 2344 ab
687 2280 766 2359 uilo,
795 2279 944 2360 quaedam
965 2281 1084 2342 anino

160 2361 358 2442 imperfectae
380 2361 454 2426 fldei
475 2363 637 2438 decedere,
660 2363 716 2424 aed
738 2370 841 2424 tamen
864 2362 942 2422 infra
962 2361 994 2422 id
1016 2381 1083 2424 eoa·

162 2444 298 2506 debimue
321 2443 421 2506 latini.
464 2445 560 2528 igitur
587 2465 657 2506 cum
679 2445 869 2524 imperfectio
891 2443 962 2506 fldei
984 2445 1022 2504 eit
1044 2444 1086 2504 ni-

161 2525 201 2586 hii
223 2525 325 2604 aliud,
362 2529 420 2590 niei
457 2529 637 2610 imperfecte
663 2530 784 2596 novitas
813 2529 894 2588 vitae
916 2528 945 2591 iu
969 2527 1086 2608 apiritu‚

164 2617 193 2670 et
212 2609 313 2671 adhoc
334 2610 486 2690 reliquum
508 2611 546 2672 de
561 2618 722 2675 ‚vetustate
744 2610 844 2673 carnia
868 2615 899 2670 et
926 2608 1015 2672 Adae
1042 2609 1086 2690 (ei

165 2694 240 2753 enim
260 2701 345 2754 eaeet
365 2693 511 2774 perfecte,
533 2713 597 2759 non
620 2695 740 2754 timeret
760 2711 910 2773 poenam,
924 2703 991 2752 noc
1012 2691 1086 2752 invi-

166 2782 210 2836 tue
231 2783 417 2855 moreretur,
442 2784 498 2838 aut
523 2796 594 2838 cnm
615 2775 728 2838 effectu
751 2783 871 2836 terreno
895 2773 983 2836 huiue
1006 2775 1087 2836 vitae

167 2858 341 2938 migraret),
372 2859 488 2935 clarum
518 2857 655 2933 videtur,
688 2855 848 2918 animabus
880 2857 1086 2918 neceesarium

167 2959 245 3018 erae,
267 2959 330 3002 noo
354 2941 453 3002 coium
476 2941 584 3004 tollere
606 2959 741 3022 poenae,
776 2939 830 3002 aed
859 2939 952 3002 etiam
974 2938 1088 3002 addere
1182 2959 1185 2964 ·

168 3023 382 3103 perfectionem
402 3026 559 3103 novitatie,
580 3032 611 3084 et
632 3023 741 3084 tollere
760 3021 916 3084 residuum
930 3022 1087 3082 vetustatis

173 3105 216 3184 (id
239 3117 296 3186 eat,
317 3126 456 3168 amorem
480 3109 560 3170 vitoe
575 3115 606 3168 et
616 3107 756 3168 timorem
780 3105 886 3166 mortis
908 3111 941 3166 et
960 3104 1087 3176 iudicii).

169 3189 240 3250 iiam
262 3198 534 3270 quantumcunque
555 3189 712 3252 tolleretur
734 3205 836 3268 poena
858 3188 901 3265 (ai
921 3194 1004 3250 earet
1018 3205 1088 3266 por·

172 3270 287 3354 sibile),
307 3292 370 3334 non
394 3265 549 3354 perhanc
570 3272 759 3334 ablationem
781 3277 863 3332 earet
884 3289 982 3344 cana,
1010 3269 1089 3340 aion-t

173 3357 281 3418 necin
312 3357 373 3419 iata
401 3357 464 3418 vito
490 3377 546 3438 per
567 3354 755 3418 ablationem
786 3369 954 3434 poenarum
989 3349 1087 3412 colam

174 3439 265 3520 aiqcia
290 3439 397 3514 melior
424 3439 474 3519 fit,
501 3437 557 3500 aed
592 3457 648 3518 per
675 3437 864 3500 additionem
884 3433 1018 3514 gratiae,
1058 3439 1089 3492 et

175 3524 367 3586 remotionem
388 3523 519 3603 peccati.
563 3521 666 3597 Quare
688 3528 719 3582 et
740 3519 799 3585 illie
812 3518 909 3598 primo
927 3522 1088 3596 peceatum

225 3790 253 3860 ⁴)
271 3789 345 3849 erc
367 3788 427 3846 icc.
446 3787 489 3844 aa
527 3785 578 3854 ··)
598 3782 670 3839 rm.
690 3781 733 3838 ar.
755 3779 814 3836 ric.
854 3779 918 3848 asp.
937 3779 963 3834 i.
